%YAML 1.1
%TAG !u! tag:unity3d.com,2011:
--- !u!1 &1710060020965160981
GameObject:
  m_ObjectHideFlags: 0
  m_CorrespondingSourceObject: {fileID: 0}
  m_PrefabInstance: {fileID: 0}
  m_PrefabAsset: {fileID: 0}
  serializedVersion: 6
  m_Component:
  - component: {fileID: 6251796078689153432}
  - component: {fileID: 7396883741928373590}
  - component: {fileID: 7335390054314137521}
  - component: {fileID: 9031742060845380354}
  - component: {fileID: 8331877107466325595}
  m_Layer: 11
  m_Name: ManchaYellow
  m_TagString: Untagged
  m_Icon: {fileID: 0}
  m_NavMeshLayer: 0
  m_StaticEditorFlags: 0
  m_IsActive: 1
--- !u!4 &6251796078689153432
Transform:
  m_ObjectHideFlags: 0
  m_CorrespondingSourceObject: {fileID: 0}
  m_PrefabInstance: {fileID: 0}
  m_PrefabAsset: {fileID: 0}
  m_GameObject: {fileID: 1710060020965160981}
  m_LocalRotation: {x: 0, y: 0, z: 0, w: 1}
  m_LocalPosition: {x: 0, y: 0, z: 0}
  m_LocalScale: {x: 1, y: 1, z: 1}
  m_ConstrainProportionsScale: 0
  m_Children: []
  m_Father: {fileID: 6409054317028873453}
  m_RootOrder: 0
  m_LocalEulerAnglesHint: {x: 0, y: 0, z: 0}
--- !u!212 &7396883741928373590
SpriteRenderer:
  m_ObjectHideFlags: 0
  m_CorrespondingSourceObject: {fileID: 0}
  m_PrefabInstance: {fileID: 0}
  m_PrefabAsset: {fileID: 0}
  m_GameObject: {fileID: 1710060020965160981}
  m_Enabled: 1
  m_CastShadows: 0
  m_ReceiveShadows: 0
  m_DynamicOccludee: 1
  m_StaticShadowCaster: 0
  m_MotionVectors: 1
  m_LightProbeUsage: 1
  m_ReflectionProbeUsage: 1
  m_RayTracingMode: 0
  m_RayTraceProcedural: 0
  m_RenderingLayerMask: 1
  m_RendererPriority: 0
  m_Materials:
  - {fileID: 2100000, guid: a97c105638bdf8b4a8650670310a4cd3, type: 2}
  m_StaticBatchInfo:
    firstSubMesh: 0
    subMeshCount: 0
  m_StaticBatchRoot: {fileID: 0}
  m_ProbeAnchor: {fileID: 0}
  m_LightProbeVolumeOverride: {fileID: 0}
  m_ScaleInLightmap: 1
  m_ReceiveGI: 1
  m_PreserveUVs: 0
  m_IgnoreNormalsForChartDetection: 0
  m_ImportantGI: 0
  m_StitchLightmapSeams: 1
  m_SelectedEditorRenderState: 0
  m_MinimumChartSize: 4
  m_AutoUVMaxDistance: 0.5
  m_AutoUVMaxAngle: 89
  m_LightmapParameters: {fileID: 0}
  m_SortingLayerID: 0
  m_SortingLayer: 0
  m_SortingOrder: 10
  m_Sprite: {fileID: -2413806693520163455, guid: 43099d5b7a7d34e42b95d8748f0214e8, type: 3}
  m_Color: {r: 0.85882354, g: 0.827451, b: 0.2627451, a: 1}
  m_FlipX: 0
  m_FlipY: 0
  m_DrawMode: 0
  m_Size: {x: 1, y: 1}
  m_AdaptiveModeThreshold: 0.5
  m_SpriteTileMode: 0
  m_WasSpriteAssigned: 1
  m_MaskInteraction: 1
  m_SpriteSortPoint: 0
--- !u!58 &7335390054314137521
CircleCollider2D:
  m_ObjectHideFlags: 0
  m_CorrespondingSourceObject: {fileID: 0}
  m_PrefabInstance: {fileID: 0}
  m_PrefabAsset: {fileID: 0}
  m_GameObject: {fileID: 1710060020965160981}
  m_Enabled: 1
  m_Density: 1
  m_Material: {fileID: 0}
  m_IsTrigger: 1
  m_UsedByEffector: 0
  m_UsedByComposite: 0
  m_Offset: {x: 0, y: 0}
  serializedVersion: 2
  m_Radius: 0.5
--- !u!50 &9031742060845380354
Rigidbody2D:
  serializedVersion: 4
  m_ObjectHideFlags: 0
  m_CorrespondingSourceObject: {fileID: 0}
  m_PrefabInstance: {fileID: 0}
  m_PrefabAsset: {fileID: 0}
  m_GameObject: {fileID: 1710060020965160981}
  m_BodyType: 1
  m_Simulated: 1
  m_UseFullKinematicContacts: 0
  m_UseAutoMass: 0
  m_Mass: 1
  m_LinearDrag: 0
  m_AngularDrag: 0.05
  m_GravityScale: 1
  m_Material: {fileID: 0}
  m_Interpolate: 0
  m_SleepingMode: 1
  m_CollisionDetection: 0
  m_Constraints: 0
--- !u!114 &8331877107466325595
MonoBehaviour:
  m_ObjectHideFlags: 0
  m_CorrespondingSourceObject: {fileID: 0}
  m_PrefabInstance: {fileID: 0}
  m_PrefabAsset: {fileID: 0}
  m_GameObject: {fileID: 1710060020965160981}
  m_Enabled: 1
  m_EditorHideFlags: 0
  m_Script: {fileID: 11500000, guid: 267e68d96451d82408c1c6df838fe2db, type: 3}
  m_Name: 
  m_EditorClassIdentifier: 
  m_gameObject: {fileID: 3707324036082427703}
  purple: {fileID: 11400000, guid: 4b8f77c368c87744db296d94e2b7a757, type: 2}
  orange: {fileID: 11400000, guid: 778d62e554063194ea617d6027ce1160, type: 2}
  green: {fileID: 11400000, guid: e8325d3125ce52b428443acf031351fb, type: 2}
  pintura: {fileID: 11400000, guid: 45c1c016dfdfcee40bf62703e58fb986, type: 2}
  scrProta: {fileID: 11400000, guid: ec3c0ae732f24c34da8adb11c7ab750a, type: 2}
  listaSprites:
  - {fileID: 21300000, guid: 75a009b228829a74e9a71fd791ed3a90, type: 3}
  - {fileID: 21300000, guid: 9a639f31dea538e4c861bf9c3dca6fba, type: 3}
  - {fileID: 21300000, guid: 104c85ee6e47bef438830b2b383ff141, type: 3}
  - {fileID: 21300000, guid: 239116f709ae42c40bd7ba7a62ef983c, type: 3}
  - {fileID: 21300000, guid: 93d5320b06c0b03488794424df6831e5, type: 3}
--- !u!1 &3707324036082427703
GameObject:
  m_ObjectHideFlags: 0
  m_CorrespondingSourceObject: {fileID: 0}
  m_PrefabInstance: {fileID: 0}
  m_PrefabAsset: {fileID: 0}
  serializedVersion: 6
  m_Component:
  - component: {fileID: 6409054317028873453}
  - component: {fileID: 8278478119856240543}
  - component: {fileID: 2714046978136935602}
  m_Layer: 0
  m_Name: YellowFloor
  m_TagString: Yellow Floor
  m_Icon: {fileID: 0}
  m_NavMeshLayer: 0
  m_StaticEditorFlags: 0
  m_IsActive: 1
--- !u!4 &6409054317028873453
Transform:
  m_ObjectHideFlags: 0
  m_CorrespondingSourceObject: {fileID: 0}
  m_PrefabInstance: {fileID: 0}
  m_PrefabAsset: {fileID: 0}
  m_GameObject: {fileID: 3707324036082427703}
  m_LocalRotation: {x: 0, y: 0, z: 0, w: 1}
  m_LocalPosition: {x: 0, y: 0, z: 0}
  m_LocalScale: {x: 1, y: 1, z: 1}
  m_ConstrainProportionsScale: 0
  m_Children:
  - {fileID: 6251796078689153432}
  - {fileID: 8035803647662900460}
  m_Father: {fileID: 0}
  m_RootOrder: 0
  m_LocalEulerAnglesHint: {x: 0, y: 0, z: 0}
--- !u!61 &8278478119856240543
BoxCollider2D:
  m_ObjectHideFlags: 0
  m_CorrespondingSourceObject: {fileID: 0}
  m_PrefabInstance: {fileID: 0}
  m_PrefabAsset: {fileID: 0}
  m_GameObject: {fileID: 3707324036082427703}
  m_Enabled: 1
  m_Density: 1
  m_Material: {fileID: 0}
  m_IsTrigger: 1
  m_UsedByEffector: 0
  m_UsedByComposite: 0
  m_Offset: {x: -0.006457925, y: -0.32590538}
  m_SpriteTilingProperty:
    border: {x: 0, y: 0, z: 0, w: 0}
    pivot: {x: 0, y: 0}
    oldSize: {x: 0, y: 0}
    newSize: {x: 0, y: 0}
    adaptiveTilingThreshold: 0
    drawMode: 0
    adaptiveTiling: 0
  m_AutoTiling: 0
  serializedVersion: 2
  m_Size: {x: 3.9836323, y: 0.020622134}
  m_EdgeRadius: 0
--- !u!114 &2714046978136935602
MonoBehaviour:
  m_ObjectHideFlags: 0
  m_CorrespondingSourceObject: {fileID: 0}
  m_PrefabInstance: {fileID: 0}
  m_PrefabAsset: {fileID: 0}
  m_GameObject: {fileID: 3707324036082427703}
  m_Enabled: 1
  m_EditorHideFlags: 0
  m_Script: {fileID: 11500000, guid: ba54aba1524f9f64d83145c6cd5f53c3, type: 3}
  m_Name: 
  m_EditorClassIdentifier: 
  spd: 2
  elapsedTime: 0
--- !u!1001 &3202037821035381142
PrefabInstance:
  m_ObjectHideFlags: 0
  serializedVersion: 2
  m_Modification:
    m_TransformParent: {fileID: 6409054317028873453}
    m_Modifications:
    - target: {fileID: 4894010614555493753, guid: 0eb7287a668c72e4a95639eff5fd95bf, type: 3}
      propertyPath: m_Name
      value: SlowVFX
      objectReference: {fileID: 0}
    - target: {fileID: 4894010614555493754, guid: 0eb7287a668c72e4a95639eff5fd95bf, type: 3}
      propertyPath: m_RootOrder
      value: 1
      objectReference: {fileID: 0}
    - target: {fileID: 4894010614555493754, guid: 0eb7287a668c72e4a95639eff5fd95bf, type: 3}
      propertyPath: m_LocalPosition.x
      value: 0
      objectReference: {fileID: 0}
    - target: {fileID: 4894010614555493754, guid: 0eb7287a668c72e4a95639eff5fd95bf, type: 3}
      propertyPath: m_LocalPosition.y
      value: 0
      objectReference: {fileID: 0}
    - target: {fileID: 4894010614555493754, guid: 0eb7287a668c72e4a95639eff5fd95bf, type: 3}
      propertyPath: m_LocalPosition.z
      value: 190
      objectReference: {fileID: 0}
    - target: {fileID: 4894010614555493754, guid: 0eb7287a668c72e4a95639eff5fd95bf, type: 3}
      propertyPath: m_LocalRotation.w
      value: 1
      objectReference: {fileID: 0}
    - target: {fileID: 4894010614555493754, guid: 0eb7287a668c72e4a95639eff5fd95bf, type: 3}
      propertyPath: m_LocalRotation.x
      value: 0
      objectReference: {fileID: 0}
    - target: {fileID: 4894010614555493754, guid: 0eb7287a668c72e4a95639eff5fd95bf, type: 3}
      propertyPath: m_LocalRotation.y
      value: 0
      objectReference: {fileID: 0}
    - target: {fileID: 4894010614555493754, guid: 0eb7287a668c72e4a95639eff5fd95bf, type: 3}
      propertyPath: m_LocalRotation.z
      value: 0
      objectReference: {fileID: 0}
    - target: {fileID: 4894010614555493754, guid: 0eb7287a668c72e4a95639eff5fd95bf, type: 3}
      propertyPath: m_LocalEulerAnglesHint.x
      value: 0
      objectReference: {fileID: 0}
    - target: {fileID: 4894010614555493754, guid: 0eb7287a668c72e4a95639eff5fd95bf, type: 3}
      propertyPath: m_LocalEulerAnglesHint.y
      value: 0
      objectReference: {fileID: 0}
    - target: {fileID: 4894010614555493754, guid: 0eb7287a668c72e4a95639eff5fd95bf, type: 3}
      propertyPath: m_LocalEulerAnglesHint.z
      value: 0
      objectReference: {fileID: 0}
    m_RemovedComponents: []
  m_SourcePrefab: {fileID: 100100000, guid: 0eb7287a668c72e4a95639eff5fd95bf, type: 3}
--- !u!4 &8035803647662900460 stripped
Transform:
  m_CorrespondingSourceObject: {fileID: 4894010614555493754, guid: 0eb7287a668c72e4a95639eff5fd95bf, type: 3}
  m_PrefabInstance: {fileID: 3202037821035381142}
  m_PrefabAsset: {fileID: 0}
