%YAML 1.1
%TAG !u! tag:unity3d.com,2011:
--- !u!114 &114340500867371532
MonoBehaviour:
  m_ObjectHideFlags: 1
  m_CorrespondingSourceObject: {fileID: 0}
  m_PrefabInstance: {fileID: 0}
  m_PrefabAsset: {fileID: 0}
  m_GameObject: {fileID: 0}
  m_Enabled: 1
  m_EditorHideFlags: 0
  m_Script: {fileID: 11500000, guid: d01270efd3285ea4a9d6c555cb0a8027, type: 3}
  m_Name: VFXUI
  m_EditorClassIdentifier: 
  groupInfos: []
  stickyNoteInfos: []
  categories: []
  uiBounds:
    serializedVersion: 2
    x: 440
    y: -879
    width: 425
    height: 2010
--- !u!114 &114350483966674976
MonoBehaviour:
  m_ObjectHideFlags: 1
  m_CorrespondingSourceObject: {fileID: 0}
  m_PrefabInstance: {fileID: 0}
  m_PrefabAsset: {fileID: 0}
  m_GameObject: {fileID: 0}
  m_Enabled: 1
  m_EditorHideFlags: 0
  m_Script: {fileID: 11500000, guid: 7d4c867f6b72b714dbb5fd1780afe208, type: 3}
  m_Name: GreenVFX
  m_EditorClassIdentifier: 
  m_UIIgnoredErrors: []
  m_Parent: {fileID: 0}
  m_Children:
  - {fileID: 8926484042661614640}
  - {fileID: 8926484042661614644}
  - {fileID: 8926484042661614682}
  - {fileID: 8926484042661614684}
  m_UIPosition: {x: 0, y: 0}
  m_UICollapsed: 1
  m_UISuperCollapsed: 0
  m_UIInfos: {fileID: 114340500867371532}
  m_ParameterInfo: []
  m_ImportDependencies: []
  m_GraphVersion: 8
  m_ResourceVersion: 1
  m_SubgraphDependencies: []
  m_CategoryPath: 
--- !u!2058629511 &8926484042661614527
VisualEffectResource:
  m_ObjectHideFlags: 0
  m_CorrespondingSourceObject: {fileID: 0}
  m_PrefabInstance: {fileID: 0}
  m_PrefabAsset: {fileID: 0}
  m_Name: GreenVFX
  m_Graph: {fileID: 114350483966674976}
  m_Infos:
    m_RendererSettings:
      motionVectorGenerationMode: 0
      shadowCastingMode: 0
      receiveShadows: 0
      reflectionProbeUsage: 0
      lightProbeUsage: 0
    m_CullingFlags: 3
    m_UpdateMode: 0
    m_PreWarmDeltaTime: 0.05
    m_PreWarmStepCount: 0
    m_InitialEventName: OnPlay
--- !u!114 &8926484042661614640
MonoBehaviour:
  m_ObjectHideFlags: 0
  m_CorrespondingSourceObject: {fileID: 0}
  m_PrefabInstance: {fileID: 0}
  m_PrefabAsset: {fileID: 0}
  m_GameObject: {fileID: 0}
  m_Enabled: 1
  m_EditorHideFlags: 0
  m_Script: {fileID: 11500000, guid: 73a13919d81fb7444849bae8b5c812a2, type: 3}
  m_Name: 
  m_EditorClassIdentifier: 
  m_UIIgnoredErrors: []
  m_Parent: {fileID: 114350483966674976}
  m_Children:
  - {fileID: 8926484042661614757}
  m_UIPosition: {x: 440, y: -879}
  m_UICollapsed: 0
  m_UISuperCollapsed: 0
  m_InputSlots: []
  m_OutputSlots: []
  m_Label: Spawn system
  m_Data: {fileID: 8926484042661614692}
  m_InputFlowSlot:
  - link: []
  - link: []
  m_OutputFlowSlot:
  - link:
    - context: {fileID: 8926484042661614644}
      slotIndex: 0
  loopDuration: 0
  loopCount: 0
  delayBeforeLoop: 0
  delayAfterLoop: 0
--- !u!114 &8926484042661614644
MonoBehaviour:
  m_ObjectHideFlags: 0
  m_CorrespondingSourceObject: {fileID: 0}
  m_PrefabInstance: {fileID: 0}
  m_PrefabAsset: {fileID: 0}
  m_GameObject: {fileID: 0}
  m_Enabled: 1
  m_EditorHideFlags: 0
  m_Script: {fileID: 11500000, guid: 9dfea48843f53fc438eabc12a3a30abc, type: 3}
  m_Name: 
  m_EditorClassIdentifier: 
  m_UIIgnoredErrors: []
  m_Parent: {fileID: 114350483966674976}
  m_Children:
  - {fileID: 8926484042661614659}
  - {fileID: 8926484042661614670}
  - {fileID: 8926484042661614673}
  - {fileID: 8926484042661614709}
  - {fileID: 8926484042661614738}
  m_UIPosition: {x: 441, y: -486}
  m_UICollapsed: 0
  m_UISuperCollapsed: 0
  m_InputSlots:
  - {fileID: 8926484042661614654}
  m_OutputSlots: []
  m_Label: 
  m_Data: {fileID: 8926484042661614693}
  m_InputFlowSlot:
  - link:
    - context: {fileID: 8926484042661614640}
      slotIndex: 0
  m_OutputFlowSlot:
  - link:
    - context: {fileID: 8926484042661614682}
      slotIndex: 0
--- !u!114 &8926484042661614654
MonoBehaviour:
  m_ObjectHideFlags: 0
  m_CorrespondingSourceObject: {fileID: 0}
  m_PrefabInstance: {fileID: 0}
  m_PrefabAsset: {fileID: 0}
  m_GameObject: {fileID: 0}
  m_Enabled: 1
  m_EditorHideFlags: 0
  m_Script: {fileID: 11500000, guid: ac39bd03fca81b849929b9c966f1836a, type: 3}
  m_Name: 
  m_EditorClassIdentifier: 
  m_UIIgnoredErrors: []
  m_Parent: {fileID: 0}
  m_Children:
  - {fileID: 8926484042661614655}
  - {fileID: 8926484042661614656}
  - {fileID: 8926484042661614657}
  m_UIPosition: {x: 0, y: 0}
  m_UICollapsed: 1
  m_UISuperCollapsed: 0
  m_MasterSlot: {fileID: 8926484042661614654}
  m_MasterData:
    m_Owner: {fileID: 8926484042661614644}
    m_Value:
      m_Type:
        m_SerializableType: UnityEngine.Vector3, UnityEngine.CoreModule, Version=0.0.0.0,
          Culture=neutral, PublicKeyToken=null
      m_SerializableObject: '{"x":0.0,"y":0.0,"z":0.0}'
    m_Space: 2147483647
  m_Property:
    name: boundsPadding
    m_serializedType:
      m_SerializableType: UnityEngine.Vector3, UnityEngine.CoreModule, Version=0.0.0.0,
        Culture=neutral, PublicKeyToken=null
  m_Direction: 0
  m_LinkedSlots: []
--- !u!114 &8926484042661614655
MonoBehaviour:
  m_ObjectHideFlags: 0
  m_CorrespondingSourceObject: {fileID: 0}
  m_PrefabInstance: {fileID: 0}
  m_PrefabAsset: {fileID: 0}
  m_GameObject: {fileID: 0}
  m_Enabled: 1
  m_EditorHideFlags: 0
  m_Script: {fileID: 11500000, guid: f780aa281814f9842a7c076d436932e7, type: 3}
  m_Name: 
  m_EditorClassIdentifier: 
  m_UIIgnoredErrors: []
  m_Parent: {fileID: 8926484042661614654}
  m_Children: []
  m_UIPosition: {x: 0, y: 0}
  m_UICollapsed: 1
  m_UISuperCollapsed: 0
  m_MasterSlot: {fileID: 8926484042661614654}
  m_MasterData:
    m_Owner: {fileID: 0}
    m_Value:
      m_Type:
        m_SerializableType: 
      m_SerializableObject: 
    m_Space: 2147483647
  m_Property:
    name: x
    m_serializedType:
      m_SerializableType: System.Single, mscorlib, Version=4.0.0.0, Culture=neutral,
        PublicKeyToken=b77a5c561934e089
  m_Direction: 0
  m_LinkedSlots: []
--- !u!114 &8926484042661614656
MonoBehaviour:
  m_ObjectHideFlags: 0
  m_CorrespondingSourceObject: {fileID: 0}
  m_PrefabInstance: {fileID: 0}
  m_PrefabAsset: {fileID: 0}
  m_GameObject: {fileID: 0}
  m_Enabled: 1
  m_EditorHideFlags: 0
  m_Script: {fileID: 11500000, guid: f780aa281814f9842a7c076d436932e7, type: 3}
  m_Name: 
  m_EditorClassIdentifier: 
  m_UIIgnoredErrors: []
  m_Parent: {fileID: 8926484042661614654}
  m_Children: []
  m_UIPosition: {x: 0, y: 0}
  m_UICollapsed: 1
  m_UISuperCollapsed: 0
  m_MasterSlot: {fileID: 8926484042661614654}
  m_MasterData:
    m_Owner: {fileID: 0}
    m_Value:
      m_Type:
        m_SerializableType: 
      m_SerializableObject: 
    m_Space: 2147483647
  m_Property:
    name: y
    m_serializedType:
      m_SerializableType: System.Single, mscorlib, Version=4.0.0.0, Culture=neutral,
        PublicKeyToken=b77a5c561934e089
  m_Direction: 0
  m_LinkedSlots: []
--- !u!114 &8926484042661614657
MonoBehaviour:
  m_ObjectHideFlags: 0
  m_CorrespondingSourceObject: {fileID: 0}
  m_PrefabInstance: {fileID: 0}
  m_PrefabAsset: {fileID: 0}
  m_GameObject: {fileID: 0}
  m_Enabled: 1
  m_EditorHideFlags: 0
  m_Script: {fileID: 11500000, guid: f780aa281814f9842a7c076d436932e7, type: 3}
  m_Name: 
  m_EditorClassIdentifier: 
  m_UIIgnoredErrors: []
  m_Parent: {fileID: 8926484042661614654}
  m_Children: []
  m_UIPosition: {x: 0, y: 0}
  m_UICollapsed: 1
  m_UISuperCollapsed: 0
  m_MasterSlot: {fileID: 8926484042661614654}
  m_MasterData:
    m_Owner: {fileID: 0}
    m_Value:
      m_Type:
        m_SerializableType: 
      m_SerializableObject: 
    m_Space: 2147483647
  m_Property:
    name: z
    m_serializedType:
      m_SerializableType: System.Single, mscorlib, Version=4.0.0.0, Culture=neutral,
        PublicKeyToken=b77a5c561934e089
  m_Direction: 0
  m_LinkedSlots: []
--- !u!114 &8926484042661614659
MonoBehaviour:
  m_ObjectHideFlags: 0
  m_CorrespondingSourceObject: {fileID: 0}
  m_PrefabInstance: {fileID: 0}
  m_PrefabAsset: {fileID: 0}
  m_GameObject: {fileID: 0}
  m_Enabled: 1
  m_EditorHideFlags: 0
  m_Script: {fileID: 11500000, guid: a971fa2e110a0ac42ac1d8dae408704b, type: 3}
  m_Name: 
  m_EditorClassIdentifier: 
  m_UIIgnoredErrors: []
  m_Parent: {fileID: 8926484042661614644}
  m_Children: []
  m_UIPosition: {x: 0, y: 2}
  m_UICollapsed: 0
  m_UISuperCollapsed: 0
  m_InputSlots:
  - {fileID: 8926484042661614660}
  - {fileID: 8926484042661614665}
  m_OutputSlots: []
  m_Disabled: 0
  attribute: velocity
  Composition: 0
  Source: 0
  Random: 1
  channels: 6
--- !u!114 &8926484042661614660
MonoBehaviour:
  m_ObjectHideFlags: 0
  m_CorrespondingSourceObject: {fileID: 0}
  m_PrefabInstance: {fileID: 0}
  m_PrefabAsset: {fileID: 0}
  m_GameObject: {fileID: 0}
  m_Enabled: 1
  m_EditorHideFlags: 0
  m_Script: {fileID: 11500000, guid: a9f9544b71b7dab44a4644b6807e8bf6, type: 3}
  m_Name: 
  m_EditorClassIdentifier: 
  m_UIIgnoredErrors: []
  m_Parent: {fileID: 0}
  m_Children:
  - {fileID: 8926484042661614661}
  m_UIPosition: {x: 0, y: 0}
  m_UICollapsed: 1
  m_UISuperCollapsed: 0
  m_MasterSlot: {fileID: 8926484042661614660}
  m_MasterData:
    m_Owner: {fileID: 8926484042661614659}
    m_Value:
      m_Type:
        m_SerializableType: UnityEditor.VFX.Vector, Unity.VisualEffectGraph.Editor,
          Version=0.0.0.0, Culture=neutral, PublicKeyToken=null
      m_SerializableObject: '{"vector":{"x":1.0,"y":5.0,"z":-0.3330000042915344}}'
    m_Space: 0
  m_Property:
    name: A
    m_serializedType:
      m_SerializableType: UnityEditor.VFX.Vector, Unity.VisualEffectGraph.Editor,
        Version=0.0.0.0, Culture=neutral, PublicKeyToken=null
  m_Direction: 0
  m_LinkedSlots: []
--- !u!114 &8926484042661614661
MonoBehaviour:
  m_ObjectHideFlags: 0
  m_CorrespondingSourceObject: {fileID: 0}
  m_PrefabInstance: {fileID: 0}
  m_PrefabAsset: {fileID: 0}
  m_GameObject: {fileID: 0}
  m_Enabled: 1
  m_EditorHideFlags: 0
  m_Script: {fileID: 11500000, guid: ac39bd03fca81b849929b9c966f1836a, type: 3}
  m_Name: 
  m_EditorClassIdentifier: 
  m_UIIgnoredErrors: []
  m_Parent: {fileID: 8926484042661614660}
  m_Children:
  - {fileID: 8926484042661614662}
  - {fileID: 8926484042661614663}
  - {fileID: 8926484042661614664}
  m_UIPosition: {x: 0, y: 0}
  m_UICollapsed: 1
  m_UISuperCollapsed: 0
  m_MasterSlot: {fileID: 8926484042661614660}
  m_MasterData:
    m_Owner: {fileID: 0}
    m_Value:
      m_Type:
        m_SerializableType: 
      m_SerializableObject: 
    m_Space: 2147483647
  m_Property:
    name: vector
    m_serializedType:
      m_SerializableType: UnityEngine.Vector3, UnityEngine.CoreModule, Version=0.0.0.0,
        Culture=neutral, PublicKeyToken=null
  m_Direction: 0
  m_LinkedSlots: []
--- !u!114 &8926484042661614662
MonoBehaviour:
  m_ObjectHideFlags: 0
  m_CorrespondingSourceObject: {fileID: 0}
  m_PrefabInstance: {fileID: 0}
  m_PrefabAsset: {fileID: 0}
  m_GameObject: {fileID: 0}
  m_Enabled: 1
  m_EditorHideFlags: 0
  m_Script: {fileID: 11500000, guid: f780aa281814f9842a7c076d436932e7, type: 3}
  m_Name: 
  m_EditorClassIdentifier: 
  m_UIIgnoredErrors: []
  m_Parent: {fileID: 8926484042661614661}
  m_Children: []
  m_UIPosition: {x: 0, y: 0}
  m_UICollapsed: 1
  m_UISuperCollapsed: 0
  m_MasterSlot: {fileID: 8926484042661614660}
  m_MasterData:
    m_Owner: {fileID: 0}
    m_Value:
      m_Type:
        m_SerializableType: 
      m_SerializableObject: 
    m_Space: 2147483647
  m_Property:
    name: x
    m_serializedType:
      m_SerializableType: System.Single, mscorlib, Version=4.0.0.0, Culture=neutral,
        PublicKeyToken=b77a5c561934e089
  m_Direction: 0
  m_LinkedSlots: []
--- !u!114 &8926484042661614663
MonoBehaviour:
  m_ObjectHideFlags: 0
  m_CorrespondingSourceObject: {fileID: 0}
  m_PrefabInstance: {fileID: 0}
  m_PrefabAsset: {fileID: 0}
  m_GameObject: {fileID: 0}
  m_Enabled: 1
  m_EditorHideFlags: 0
  m_Script: {fileID: 11500000, guid: f780aa281814f9842a7c076d436932e7, type: 3}
  m_Name: 
  m_EditorClassIdentifier: 
  m_UIIgnoredErrors: []
  m_Parent: {fileID: 8926484042661614661}
  m_Children: []
  m_UIPosition: {x: 0, y: 0}
  m_UICollapsed: 1
  m_UISuperCollapsed: 0
  m_MasterSlot: {fileID: 8926484042661614660}
  m_MasterData:
    m_Owner: {fileID: 0}
    m_Value:
      m_Type:
        m_SerializableType: 
      m_SerializableObject: 
    m_Space: 2147483647
  m_Property:
    name: y
    m_serializedType:
      m_SerializableType: System.Single, mscorlib, Version=4.0.0.0, Culture=neutral,
        PublicKeyToken=b77a5c561934e089
  m_Direction: 0
  m_LinkedSlots: []
--- !u!114 &8926484042661614664
MonoBehaviour:
  m_ObjectHideFlags: 0
  m_CorrespondingSourceObject: {fileID: 0}
  m_PrefabInstance: {fileID: 0}
  m_PrefabAsset: {fileID: 0}
  m_GameObject: {fileID: 0}
  m_Enabled: 1
  m_EditorHideFlags: 0
  m_Script: {fileID: 11500000, guid: f780aa281814f9842a7c076d436932e7, type: 3}
  m_Name: 
  m_EditorClassIdentifier: 
  m_UIIgnoredErrors: []
  m_Parent: {fileID: 8926484042661614661}
  m_Children: []
  m_UIPosition: {x: 0, y: 0}
  m_UICollapsed: 1
  m_UISuperCollapsed: 0
  m_MasterSlot: {fileID: 8926484042661614660}
  m_MasterData:
    m_Owner: {fileID: 0}
    m_Value:
      m_Type:
        m_SerializableType: 
      m_SerializableObject: 
    m_Space: 2147483647
  m_Property:
    name: z
    m_serializedType:
      m_SerializableType: System.Single, mscorlib, Version=4.0.0.0, Culture=neutral,
        PublicKeyToken=b77a5c561934e089
  m_Direction: 0
  m_LinkedSlots: []
--- !u!114 &8926484042661614665
MonoBehaviour:
  m_ObjectHideFlags: 0
  m_CorrespondingSourceObject: {fileID: 0}
  m_PrefabInstance: {fileID: 0}
  m_PrefabAsset: {fileID: 0}
  m_GameObject: {fileID: 0}
  m_Enabled: 1
  m_EditorHideFlags: 0
  m_Script: {fileID: 11500000, guid: a9f9544b71b7dab44a4644b6807e8bf6, type: 3}
  m_Name: 
  m_EditorClassIdentifier: 
  m_UIIgnoredErrors: []
  m_Parent: {fileID: 0}
  m_Children:
  - {fileID: 8926484042661614666}
  m_UIPosition: {x: 0, y: 0}
  m_UICollapsed: 1
  m_UISuperCollapsed: 0
  m_MasterSlot: {fileID: 8926484042661614665}
  m_MasterData:
    m_Owner: {fileID: 8926484042661614659}
    m_Value:
      m_Type:
        m_SerializableType: UnityEditor.VFX.Vector, Unity.VisualEffectGraph.Editor,
          Version=0.0.0.0, Culture=neutral, PublicKeyToken=null
      m_SerializableObject: '{"vector":{"x":-1.0,"y":3.0,"z":0.3330000042915344}}'
    m_Space: 0
  m_Property:
    name: B
    m_serializedType:
      m_SerializableType: UnityEditor.VFX.Vector, Unity.VisualEffectGraph.Editor,
        Version=0.0.0.0, Culture=neutral, PublicKeyToken=null
  m_Direction: 0
  m_LinkedSlots: []
--- !u!114 &8926484042661614666
MonoBehaviour:
  m_ObjectHideFlags: 0
  m_CorrespondingSourceObject: {fileID: 0}
  m_PrefabInstance: {fileID: 0}
  m_PrefabAsset: {fileID: 0}
  m_GameObject: {fileID: 0}
  m_Enabled: 1
  m_EditorHideFlags: 0
  m_Script: {fileID: 11500000, guid: ac39bd03fca81b849929b9c966f1836a, type: 3}
  m_Name: 
  m_EditorClassIdentifier: 
  m_UIIgnoredErrors: []
  m_Parent: {fileID: 8926484042661614665}
  m_Children:
  - {fileID: 8926484042661614667}
  - {fileID: 8926484042661614668}
  - {fileID: 8926484042661614669}
  m_UIPosition: {x: 0, y: 0}
  m_UICollapsed: 1
  m_UISuperCollapsed: 0
  m_MasterSlot: {fileID: 8926484042661614665}
  m_MasterData:
    m_Owner: {fileID: 0}
    m_Value:
      m_Type:
        m_SerializableType: 
      m_SerializableObject: 
    m_Space: 2147483647
  m_Property:
    name: vector
    m_serializedType:
      m_SerializableType: UnityEngine.Vector3, UnityEngine.CoreModule, Version=0.0.0.0,
        Culture=neutral, PublicKeyToken=null
  m_Direction: 0
  m_LinkedSlots: []
--- !u!114 &8926484042661614667
MonoBehaviour:
  m_ObjectHideFlags: 0
  m_CorrespondingSourceObject: {fileID: 0}
  m_PrefabInstance: {fileID: 0}
  m_PrefabAsset: {fileID: 0}
  m_GameObject: {fileID: 0}
  m_Enabled: 1
  m_EditorHideFlags: 0
  m_Script: {fileID: 11500000, guid: f780aa281814f9842a7c076d436932e7, type: 3}
  m_Name: 
  m_EditorClassIdentifier: 
  m_UIIgnoredErrors: []
  m_Parent: {fileID: 8926484042661614666}
  m_Children: []
  m_UIPosition: {x: 0, y: 0}
  m_UICollapsed: 1
  m_UISuperCollapsed: 0
  m_MasterSlot: {fileID: 8926484042661614665}
  m_MasterData:
    m_Owner: {fileID: 0}
    m_Value:
      m_Type:
        m_SerializableType: 
      m_SerializableObject: 
    m_Space: 2147483647
  m_Property:
    name: x
    m_serializedType:
      m_SerializableType: System.Single, mscorlib, Version=4.0.0.0, Culture=neutral,
        PublicKeyToken=b77a5c561934e089
  m_Direction: 0
  m_LinkedSlots: []
--- !u!114 &8926484042661614668
MonoBehaviour:
  m_ObjectHideFlags: 0
  m_CorrespondingSourceObject: {fileID: 0}
  m_PrefabInstance: {fileID: 0}
  m_PrefabAsset: {fileID: 0}
  m_GameObject: {fileID: 0}
  m_Enabled: 1
  m_EditorHideFlags: 0
  m_Script: {fileID: 11500000, guid: f780aa281814f9842a7c076d436932e7, type: 3}
  m_Name: 
  m_EditorClassIdentifier: 
  m_UIIgnoredErrors: []
  m_Parent: {fileID: 8926484042661614666}
  m_Children: []
  m_UIPosition: {x: 0, y: 0}
  m_UICollapsed: 1
  m_UISuperCollapsed: 0
  m_MasterSlot: {fileID: 8926484042661614665}
  m_MasterData:
    m_Owner: {fileID: 0}
    m_Value:
      m_Type:
        m_SerializableType: 
      m_SerializableObject: 
    m_Space: 2147483647
  m_Property:
    name: y
    m_serializedType:
      m_SerializableType: System.Single, mscorlib, Version=4.0.0.0, Culture=neutral,
        PublicKeyToken=b77a5c561934e089
  m_Direction: 0
  m_LinkedSlots: []
--- !u!114 &8926484042661614669
MonoBehaviour:
  m_ObjectHideFlags: 0
  m_CorrespondingSourceObject: {fileID: 0}
  m_PrefabInstance: {fileID: 0}
  m_PrefabAsset: {fileID: 0}
  m_GameObject: {fileID: 0}
  m_Enabled: 1
  m_EditorHideFlags: 0
  m_Script: {fileID: 11500000, guid: f780aa281814f9842a7c076d436932e7, type: 3}
  m_Name: 
  m_EditorClassIdentifier: 
  m_UIIgnoredErrors: []
  m_Parent: {fileID: 8926484042661614666}
  m_Children: []
  m_UIPosition: {x: 0, y: 0}
  m_UICollapsed: 1
  m_UISuperCollapsed: 0
  m_MasterSlot: {fileID: 8926484042661614665}
  m_MasterData:
    m_Owner: {fileID: 0}
    m_Value:
      m_Type:
        m_SerializableType: 
      m_SerializableObject: 
    m_Space: 2147483647
  m_Property:
    name: z
    m_serializedType:
      m_SerializableType: System.Single, mscorlib, Version=4.0.0.0, Culture=neutral,
        PublicKeyToken=b77a5c561934e089
  m_Direction: 0
  m_LinkedSlots: []
--- !u!114 &8926484042661614670
MonoBehaviour:
  m_ObjectHideFlags: 0
  m_CorrespondingSourceObject: {fileID: 0}
  m_PrefabInstance: {fileID: 0}
  m_PrefabAsset: {fileID: 0}
  m_GameObject: {fileID: 0}
  m_Enabled: 1
  m_EditorHideFlags: 0
  m_Script: {fileID: 11500000, guid: a971fa2e110a0ac42ac1d8dae408704b, type: 3}
  m_Name: 
  m_EditorClassIdentifier: 
  m_UIIgnoredErrors: []
  m_Parent: {fileID: 8926484042661614644}
  m_Children: []
  m_UIPosition: {x: 0, y: 97}
  m_UICollapsed: 0
  m_UISuperCollapsed: 0
  m_InputSlots:
  - {fileID: 8926484042661614671}
  - {fileID: 8926484042661614672}
  m_OutputSlots: []
  m_Disabled: 0
  attribute: lifetime
  Composition: 0
  Source: 0
  Random: 2
  channels: 6
--- !u!114 &8926484042661614671
MonoBehaviour:
  m_ObjectHideFlags: 0
  m_CorrespondingSourceObject: {fileID: 0}
  m_PrefabInstance: {fileID: 0}
  m_PrefabAsset: {fileID: 0}
  m_GameObject: {fileID: 0}
  m_Enabled: 1
  m_EditorHideFlags: 0
  m_Script: {fileID: 11500000, guid: f780aa281814f9842a7c076d436932e7, type: 3}
  m_Name: 
  m_EditorClassIdentifier: 
  m_UIIgnoredErrors: []
  m_Parent: {fileID: 0}
  m_Children: []
  m_UIPosition: {x: 0, y: 0}
  m_UICollapsed: 1
  m_UISuperCollapsed: 0
  m_MasterSlot: {fileID: 8926484042661614671}
  m_MasterData:
    m_Owner: {fileID: 8926484042661614670}
    m_Value:
      m_Type:
        m_SerializableType: System.Single, mscorlib, Version=4.0.0.0, Culture=neutral,
          PublicKeyToken=b77a5c561934e089
      m_SerializableObject: 1.3
    m_Space: 2147483647
  m_Property:
    name: A
    m_serializedType:
      m_SerializableType: System.Single, mscorlib, Version=4.0.0.0, Culture=neutral,
        PublicKeyToken=b77a5c561934e089
  m_Direction: 0
  m_LinkedSlots: []
--- !u!114 &8926484042661614672
MonoBehaviour:
  m_ObjectHideFlags: 0
  m_CorrespondingSourceObject: {fileID: 0}
  m_PrefabInstance: {fileID: 0}
  m_PrefabAsset: {fileID: 0}
  m_GameObject: {fileID: 0}
  m_Enabled: 1
  m_EditorHideFlags: 0
  m_Script: {fileID: 11500000, guid: f780aa281814f9842a7c076d436932e7, type: 3}
  m_Name: 
  m_EditorClassIdentifier: 
  m_UIIgnoredErrors: []
  m_Parent: {fileID: 0}
  m_Children: []
  m_UIPosition: {x: 0, y: 0}
  m_UICollapsed: 1
  m_UISuperCollapsed: 0
  m_MasterSlot: {fileID: 8926484042661614672}
  m_MasterData:
    m_Owner: {fileID: 8926484042661614670}
    m_Value:
      m_Type:
        m_SerializableType: System.Single, mscorlib, Version=4.0.0.0, Culture=neutral,
          PublicKeyToken=b77a5c561934e089
      m_SerializableObject: 2
    m_Space: 2147483647
  m_Property:
    name: B
    m_serializedType:
      m_SerializableType: System.Single, mscorlib, Version=4.0.0.0, Culture=neutral,
        PublicKeyToken=b77a5c561934e089
  m_Direction: 0
  m_LinkedSlots: []
--- !u!114 &8926484042661614673
MonoBehaviour:
  m_ObjectHideFlags: 0
  m_CorrespondingSourceObject: {fileID: 0}
  m_PrefabInstance: {fileID: 0}
  m_PrefabAsset: {fileID: 0}
  m_GameObject: {fileID: 0}
  m_Enabled: 1
  m_EditorHideFlags: 0
  m_Script: {fileID: 11500000, guid: a971fa2e110a0ac42ac1d8dae408704b, type: 3}
  m_Name: 
  m_EditorClassIdentifier: 
  m_UIIgnoredErrors: []
  m_Parent: {fileID: 8926484042661614644}
  m_Children: []
  m_UIPosition: {x: 0, y: 194}
  m_UICollapsed: 0
  m_UISuperCollapsed: 0
  m_InputSlots:
  - {fileID: 8926484042661614674}
  - {fileID: 8926484042661614678}
  m_OutputSlots: []
  m_Disabled: 0
  attribute: angle
  Composition: 0
  Source: 0
  Random: 1
  channels: 6
--- !u!114 &8926484042661614674
MonoBehaviour:
  m_ObjectHideFlags: 0
  m_CorrespondingSourceObject: {fileID: 0}
  m_PrefabInstance: {fileID: 0}
  m_PrefabAsset: {fileID: 0}
  m_GameObject: {fileID: 0}
  m_Enabled: 1
  m_EditorHideFlags: 0
  m_Script: {fileID: 11500000, guid: ac39bd03fca81b849929b9c966f1836a, type: 3}
  m_Name: 
  m_EditorClassIdentifier: 
  m_UIIgnoredErrors: []
  m_Parent: {fileID: 0}
  m_Children:
  - {fileID: 8926484042661614675}
  - {fileID: 8926484042661614676}
  - {fileID: 8926484042661614677}
  m_UIPosition: {x: 0, y: 0}
  m_UICollapsed: 1
  m_UISuperCollapsed: 0
  m_MasterSlot: {fileID: 8926484042661614674}
  m_MasterData:
    m_Owner: {fileID: 8926484042661614673}
    m_Value:
      m_Type:
        m_SerializableType: UnityEngine.Vector3, UnityEngine.CoreModule, Version=0.0.0.0,
          Culture=neutral, PublicKeyToken=null
      m_SerializableObject: '{"x":0.0,"y":0.0,"z":360.0}'
    m_Space: 2147483647
  m_Property:
    name: A
    m_serializedType:
      m_SerializableType: UnityEngine.Vector3, UnityEngine.CoreModule, Version=0.0.0.0,
        Culture=neutral, PublicKeyToken=null
  m_Direction: 0
  m_LinkedSlots: []
--- !u!114 &8926484042661614675
MonoBehaviour:
  m_ObjectHideFlags: 0
  m_CorrespondingSourceObject: {fileID: 0}
  m_PrefabInstance: {fileID: 0}
  m_PrefabAsset: {fileID: 0}
  m_GameObject: {fileID: 0}
  m_Enabled: 1
  m_EditorHideFlags: 0
  m_Script: {fileID: 11500000, guid: f780aa281814f9842a7c076d436932e7, type: 3}
  m_Name: 
  m_EditorClassIdentifier: 
  m_UIIgnoredErrors: []
  m_Parent: {fileID: 8926484042661614674}
  m_Children: []
  m_UIPosition: {x: 0, y: 0}
  m_UICollapsed: 1
  m_UISuperCollapsed: 0
  m_MasterSlot: {fileID: 8926484042661614674}
  m_MasterData:
    m_Owner: {fileID: 0}
    m_Value:
      m_Type:
        m_SerializableType: 
      m_SerializableObject: 
    m_Space: 2147483647
  m_Property:
    name: x
    m_serializedType:
      m_SerializableType: System.Single, mscorlib, Version=4.0.0.0, Culture=neutral,
        PublicKeyToken=b77a5c561934e089
  m_Direction: 0
  m_LinkedSlots: []
--- !u!114 &8926484042661614676
MonoBehaviour:
  m_ObjectHideFlags: 0
  m_CorrespondingSourceObject: {fileID: 0}
  m_PrefabInstance: {fileID: 0}
  m_PrefabAsset: {fileID: 0}
  m_GameObject: {fileID: 0}
  m_Enabled: 1
  m_EditorHideFlags: 0
  m_Script: {fileID: 11500000, guid: f780aa281814f9842a7c076d436932e7, type: 3}
  m_Name: 
  m_EditorClassIdentifier: 
  m_UIIgnoredErrors: []
  m_Parent: {fileID: 8926484042661614674}
  m_Children: []
  m_UIPosition: {x: 0, y: 0}
  m_UICollapsed: 1
  m_UISuperCollapsed: 0
  m_MasterSlot: {fileID: 8926484042661614674}
  m_MasterData:
    m_Owner: {fileID: 0}
    m_Value:
      m_Type:
        m_SerializableType: 
      m_SerializableObject: 
    m_Space: 2147483647
  m_Property:
    name: y
    m_serializedType:
      m_SerializableType: System.Single, mscorlib, Version=4.0.0.0, Culture=neutral,
        PublicKeyToken=b77a5c561934e089
  m_Direction: 0
  m_LinkedSlots: []
--- !u!114 &8926484042661614677
MonoBehaviour:
  m_ObjectHideFlags: 0
  m_CorrespondingSourceObject: {fileID: 0}
  m_PrefabInstance: {fileID: 0}
  m_PrefabAsset: {fileID: 0}
  m_GameObject: {fileID: 0}
  m_Enabled: 1
  m_EditorHideFlags: 0
  m_Script: {fileID: 11500000, guid: f780aa281814f9842a7c076d436932e7, type: 3}
  m_Name: 
  m_EditorClassIdentifier: 
  m_UIIgnoredErrors: []
  m_Parent: {fileID: 8926484042661614674}
  m_Children: []
  m_UIPosition: {x: 0, y: 0}
  m_UICollapsed: 1
  m_UISuperCollapsed: 0
  m_MasterSlot: {fileID: 8926484042661614674}
  m_MasterData:
    m_Owner: {fileID: 0}
    m_Value:
      m_Type:
        m_SerializableType: 
      m_SerializableObject: 
    m_Space: 2147483647
  m_Property:
    name: z
    m_serializedType:
      m_SerializableType: System.Single, mscorlib, Version=4.0.0.0, Culture=neutral,
        PublicKeyToken=b77a5c561934e089
  m_Direction: 0
  m_LinkedSlots: []
--- !u!114 &8926484042661614678
MonoBehaviour:
  m_ObjectHideFlags: 0
  m_CorrespondingSourceObject: {fileID: 0}
  m_PrefabInstance: {fileID: 0}
  m_PrefabAsset: {fileID: 0}
  m_GameObject: {fileID: 0}
  m_Enabled: 1
  m_EditorHideFlags: 0
  m_Script: {fileID: 11500000, guid: ac39bd03fca81b849929b9c966f1836a, type: 3}
  m_Name: 
  m_EditorClassIdentifier: 
  m_UIIgnoredErrors: []
  m_Parent: {fileID: 0}
  m_Children:
  - {fileID: 8926484042661614679}
  - {fileID: 8926484042661614680}
  - {fileID: 8926484042661614681}
  m_UIPosition: {x: 0, y: 0}
  m_UICollapsed: 1
  m_UISuperCollapsed: 0
  m_MasterSlot: {fileID: 8926484042661614678}
  m_MasterData:
    m_Owner: {fileID: 8926484042661614673}
    m_Value:
      m_Type:
        m_SerializableType: UnityEngine.Vector3, UnityEngine.CoreModule, Version=0.0.0.0,
          Culture=neutral, PublicKeyToken=null
      m_SerializableObject: '{"x":0.0,"y":0.0,"z":0.0}'
    m_Space: 2147483647
  m_Property:
    name: B
    m_serializedType:
      m_SerializableType: UnityEngine.Vector3, UnityEngine.CoreModule, Version=0.0.0.0,
        Culture=neutral, PublicKeyToken=null
  m_Direction: 0
  m_LinkedSlots: []
--- !u!114 &8926484042661614679
MonoBehaviour:
  m_ObjectHideFlags: 0
  m_CorrespondingSourceObject: {fileID: 0}
  m_PrefabInstance: {fileID: 0}
  m_PrefabAsset: {fileID: 0}
  m_GameObject: {fileID: 0}
  m_Enabled: 1
  m_EditorHideFlags: 0
  m_Script: {fileID: 11500000, guid: f780aa281814f9842a7c076d436932e7, type: 3}
  m_Name: 
  m_EditorClassIdentifier: 
  m_UIIgnoredErrors: []
  m_Parent: {fileID: 8926484042661614678}
  m_Children: []
  m_UIPosition: {x: 0, y: 0}
  m_UICollapsed: 1
  m_UISuperCollapsed: 0
  m_MasterSlot: {fileID: 8926484042661614678}
  m_MasterData:
    m_Owner: {fileID: 0}
    m_Value:
      m_Type:
        m_SerializableType: 
      m_SerializableObject: 
    m_Space: 2147483647
  m_Property:
    name: x
    m_serializedType:
      m_SerializableType: System.Single, mscorlib, Version=4.0.0.0, Culture=neutral,
        PublicKeyToken=b77a5c561934e089
  m_Direction: 0
  m_LinkedSlots: []
--- !u!114 &8926484042661614680
MonoBehaviour:
  m_ObjectHideFlags: 0
  m_CorrespondingSourceObject: {fileID: 0}
  m_PrefabInstance: {fileID: 0}
  m_PrefabAsset: {fileID: 0}
  m_GameObject: {fileID: 0}
  m_Enabled: 1
  m_EditorHideFlags: 0
  m_Script: {fileID: 11500000, guid: f780aa281814f9842a7c076d436932e7, type: 3}
  m_Name: 
  m_EditorClassIdentifier: 
  m_UIIgnoredErrors: []
  m_Parent: {fileID: 8926484042661614678}
  m_Children: []
  m_UIPosition: {x: 0, y: 0}
  m_UICollapsed: 1
  m_UISuperCollapsed: 0
  m_MasterSlot: {fileID: 8926484042661614678}
  m_MasterData:
    m_Owner: {fileID: 0}
    m_Value:
      m_Type:
        m_SerializableType: 
      m_SerializableObject: 
    m_Space: 2147483647
  m_Property:
    name: y
    m_serializedType:
      m_SerializableType: System.Single, mscorlib, Version=4.0.0.0, Culture=neutral,
        PublicKeyToken=b77a5c561934e089
  m_Direction: 0
  m_LinkedSlots: []
--- !u!114 &8926484042661614681
MonoBehaviour:
  m_ObjectHideFlags: 0
  m_CorrespondingSourceObject: {fileID: 0}
  m_PrefabInstance: {fileID: 0}
  m_PrefabAsset: {fileID: 0}
  m_GameObject: {fileID: 0}
  m_Enabled: 1
  m_EditorHideFlags: 0
  m_Script: {fileID: 11500000, guid: f780aa281814f9842a7c076d436932e7, type: 3}
  m_Name: 
  m_EditorClassIdentifier: 
  m_UIIgnoredErrors: []
  m_Parent: {fileID: 8926484042661614678}
  m_Children: []
  m_UIPosition: {x: 0, y: 0}
  m_UICollapsed: 1
  m_UISuperCollapsed: 0
  m_MasterSlot: {fileID: 8926484042661614678}
  m_MasterData:
    m_Owner: {fileID: 0}
    m_Value:
      m_Type:
        m_SerializableType: 
      m_SerializableObject: 
    m_Space: 2147483647
  m_Property:
    name: z
    m_serializedType:
      m_SerializableType: System.Single, mscorlib, Version=4.0.0.0, Culture=neutral,
        PublicKeyToken=b77a5c561934e089
  m_Direction: 0
  m_LinkedSlots: []
--- !u!114 &8926484042661614682
MonoBehaviour:
  m_ObjectHideFlags: 0
  m_CorrespondingSourceObject: {fileID: 0}
  m_PrefabInstance: {fileID: 0}
  m_PrefabAsset: {fileID: 0}
  m_GameObject: {fileID: 0}
  m_Enabled: 1
  m_EditorHideFlags: 0
  m_Script: {fileID: 11500000, guid: 2dc095764ededfa4bb32fa602511ea4b, type: 3}
  m_Name: 
  m_EditorClassIdentifier: 
  m_UIIgnoredErrors: []
  m_Parent: {fileID: 114350483966674976}
  m_Children:
  - {fileID: 8926484042661614751}
  - {fileID: 8926484042661614764}
  m_UIPosition: {x: 441, y: 247}
  m_UICollapsed: 0
  m_UISuperCollapsed: 0
  m_InputSlots: []
  m_OutputSlots: []
  m_Label: 
  m_Data: {fileID: 8926484042661614693}
  m_InputFlowSlot:
  - link:
    - context: {fileID: 8926484042661614644}
      slotIndex: 0
  m_OutputFlowSlot:
  - link:
    - context: {fileID: 8926484042661614684}
      slotIndex: 0
  integration: 0
  angularIntegration: 0
  ageParticles: 1
  reapParticles: 1
  skipZeroDeltaUpdate: 0
--- !u!114 &8926484042661614684
MonoBehaviour:
  m_ObjectHideFlags: 0
  m_CorrespondingSourceObject: {fileID: 0}
  m_PrefabInstance: {fileID: 0}
  m_PrefabAsset: {fileID: 0}
  m_GameObject: {fileID: 0}
  m_Enabled: 1
  m_EditorHideFlags: 0
  m_Script: {fileID: 11500000, guid: a0b9e6b9139e58d4c957ec54595da7d3, type: 3}
  m_Name: 
  m_EditorClassIdentifier: 
  m_UIIgnoredErrors: []
  m_Parent: {fileID: 114350483966674976}
  m_Children:
  - {fileID: 8926484042661614687}
  - {fileID: 8926484042661614690}
  m_UIPosition: {x: 441, y: 678}
  m_UICollapsed: 0
  m_UISuperCollapsed: 0
  m_InputSlots:
  - {fileID: 8926484042661614685}
  m_OutputSlots: []
  m_Label: 
  m_Data: {fileID: 8926484042661614693}
  m_InputFlowSlot:
  - link:
    - context: {fileID: 8926484042661614682}
      slotIndex: 0
  m_OutputFlowSlot:
  - link: []
  blendMode: 1
  useAlphaClipping: 0
  generateMotionVector: 0
  excludeFromTAA: 0
  sortingPriority: 0
  m_SubOutputs: []
  cullMode: 0
  zWriteMode: 0
  zTestMode: 0
  colorMapping: 0
  uvMode: 0
  useSoftParticle: 0
  vfxSystemSortPriority: 0
  sort: 0
  indirectDraw: 0
  computeCulling: 0
  frustumCulling: 0
  castShadows: 0
  useExposureWeight: 0
  flipbookLayout: 0
  shaderGraph: {fileID: 0}
  materialSettings:
    m_PropertyNames: []
    m_PropertyValues: []
  primitiveType: 1
  useGeometryShader: 0
--- !u!114 &8926484042661614685
MonoBehaviour:
  m_ObjectHideFlags: 0
  m_CorrespondingSourceObject: {fileID: 0}
  m_PrefabInstance: {fileID: 0}
  m_PrefabAsset: {fileID: 0}
  m_GameObject: {fileID: 0}
  m_Enabled: 1
  m_EditorHideFlags: 0
  m_Script: {fileID: 11500000, guid: 70a331b1d86cc8d4aa106ccbe0da5852, type: 3}
  m_Name: 
  m_EditorClassIdentifier: 
  m_UIIgnoredErrors: []
  m_Parent: {fileID: 0}
  m_Children: []
  m_UIPosition: {x: 0, y: 0}
  m_UICollapsed: 1
  m_UISuperCollapsed: 0
  m_MasterSlot: {fileID: 8926484042661614685}
  m_MasterData:
    m_Owner: {fileID: 8926484042661614684}
    m_Value:
      m_Type:
        m_SerializableType: UnityEngine.Texture2D, UnityEngine.CoreModule, Version=0.0.0.0,
          Culture=neutral, PublicKeyToken=null
      m_SerializableObject: '{"obj":{"fileID":10305,"guid":"0000000000000000f000000000000000","type":0}}'
    m_Space: 2147483647
  m_Property:
    name: mainTexture
    m_serializedType:
      m_SerializableType: UnityEngine.Texture2D, UnityEngine.CoreModule, Version=0.0.0.0,
        Culture=neutral, PublicKeyToken=null
  m_Direction: 0
  m_LinkedSlots: []
--- !u!114 &8926484042661614687
MonoBehaviour:
  m_ObjectHideFlags: 0
  m_CorrespondingSourceObject: {fileID: 0}
  m_PrefabInstance: {fileID: 0}
  m_PrefabAsset: {fileID: 0}
  m_GameObject: {fileID: 0}
  m_Enabled: 1
  m_EditorHideFlags: 0
  m_Script: {fileID: 11500000, guid: a971fa2e110a0ac42ac1d8dae408704b, type: 3}
  m_Name: 
  m_EditorClassIdentifier: 
  m_UIIgnoredErrors: []
  m_Parent: {fileID: 8926484042661614684}
  m_Children: []
  m_UIPosition: {x: 0, y: 2}
  m_UICollapsed: 0
  m_UISuperCollapsed: 0
  m_InputSlots:
  - {fileID: 8926484042661614688}
  - {fileID: 8926484042661614689}
  m_OutputSlots: []
  m_Disabled: 0
  attribute: size
  Composition: 2
  Source: 0
  Random: 1
  channels: 6
--- !u!114 &8926484042661614688
MonoBehaviour:
  m_ObjectHideFlags: 0
  m_CorrespondingSourceObject: {fileID: 0}
  m_PrefabInstance: {fileID: 0}
  m_PrefabAsset: {fileID: 0}
  m_GameObject: {fileID: 0}
  m_Enabled: 1
  m_EditorHideFlags: 0
  m_Script: {fileID: 11500000, guid: f780aa281814f9842a7c076d436932e7, type: 3}
  m_Name: 
  m_EditorClassIdentifier: 
  m_UIIgnoredErrors: []
  m_Parent: {fileID: 0}
  m_Children: []
  m_UIPosition: {x: 0, y: 0}
  m_UICollapsed: 1
  m_UISuperCollapsed: 0
  m_MasterSlot: {fileID: 8926484042661614688}
  m_MasterData:
    m_Owner: {fileID: 8926484042661614687}
    m_Value:
      m_Type:
        m_SerializableType: System.Single, mscorlib, Version=4.0.0.0, Culture=neutral,
          PublicKeyToken=b77a5c561934e089
      m_SerializableObject: 3
    m_Space: 2147483647
  m_Property:
    name: A
    m_serializedType:
      m_SerializableType: System.Single, mscorlib, Version=4.0.0.0, Culture=neutral,
        PublicKeyToken=b77a5c561934e089
  m_Direction: 0
  m_LinkedSlots: []
--- !u!114 &8926484042661614689
MonoBehaviour:
  m_ObjectHideFlags: 0
  m_CorrespondingSourceObject: {fileID: 0}
  m_PrefabInstance: {fileID: 0}
  m_PrefabAsset: {fileID: 0}
  m_GameObject: {fileID: 0}
  m_Enabled: 1
  m_EditorHideFlags: 0
  m_Script: {fileID: 11500000, guid: f780aa281814f9842a7c076d436932e7, type: 3}
  m_Name: 
  m_EditorClassIdentifier: 
  m_UIIgnoredErrors: []
  m_Parent: {fileID: 0}
  m_Children: []
  m_UIPosition: {x: 0, y: 0}
  m_UICollapsed: 1
  m_UISuperCollapsed: 0
  m_MasterSlot: {fileID: 8926484042661614689}
  m_MasterData:
    m_Owner: {fileID: 8926484042661614687}
    m_Value:
      m_Type:
        m_SerializableType: System.Single, mscorlib, Version=4.0.0.0, Culture=neutral,
          PublicKeyToken=b77a5c561934e089
      m_SerializableObject: 0.69
    m_Space: 2147483647
  m_Property:
    name: B
    m_serializedType:
      m_SerializableType: System.Single, mscorlib, Version=4.0.0.0, Culture=neutral,
        PublicKeyToken=b77a5c561934e089
  m_Direction: 0
  m_LinkedSlots: []
--- !u!114 &8926484042661614690
MonoBehaviour:
  m_ObjectHideFlags: 0
  m_CorrespondingSourceObject: {fileID: 0}
  m_PrefabInstance: {fileID: 0}
  m_PrefabAsset: {fileID: 0}
  m_GameObject: {fileID: 0}
  m_Enabled: 1
  m_EditorHideFlags: 0
  m_Script: {fileID: 11500000, guid: 01ec2c1930009b04ea08905b47262415, type: 3}
  m_Name: 
  m_EditorClassIdentifier: 
  m_UIIgnoredErrors: []
  m_Parent: {fileID: 8926484042661614684}
  m_Children: []
  m_UIPosition: {x: 0, y: 97}
  m_UICollapsed: 0
  m_UISuperCollapsed: 0
  m_InputSlots:
  - {fileID: 8926484042661614691}
  m_OutputSlots: []
  m_Disabled: 0
  attribute: color
  Composition: 0
  AlphaComposition: 0
  SampleMode: 0
  Mode: 1
  ColorMode: 3
  channels: 6
--- !u!114 &8926484042661614691
MonoBehaviour:
  m_ObjectHideFlags: 0
  m_CorrespondingSourceObject: {fileID: 0}
  m_PrefabInstance: {fileID: 0}
  m_PrefabAsset: {fileID: 0}
  m_GameObject: {fileID: 0}
  m_Enabled: 1
  m_EditorHideFlags: 0
  m_Script: {fileID: 11500000, guid: 76f778ff57c4e8145b9681fe3268d8e9, type: 3}
  m_Name: 
  m_EditorClassIdentifier: 
  m_UIIgnoredErrors: []
  m_Parent: {fileID: 0}
  m_Children: []
  m_UIPosition: {x: 0, y: 0}
  m_UICollapsed: 1
  m_UISuperCollapsed: 0
  m_MasterSlot: {fileID: 8926484042661614691}
  m_MasterData:
    m_Owner: {fileID: 8926484042661614690}
    m_Value:
      m_Type:
        m_SerializableType: UnityEngine.Gradient, UnityEngine.CoreModule, Version=0.0.0.0,
          Culture=neutral, PublicKeyToken=null
      m_SerializableObject: '{"colorKeys":[{"color":{"r":0.3637871742248535,"g":1.0,"b":0.0,"a":1.0},"time":0.0},{"color":{"r":0.0313725508749485,"g":4.0,"b":0.0313725508749485,"a":1.0},"time":0.06471351534128189},{"color":{"r":0.7748690247535706,"g":1.999999761581421,"b":0.10471203178167343,"a":1.0},"time":1.0}],"alphaKeys":[{"alpha":0.0,"time":0.0},{"alpha":0.688667893409729,"time":0.0794079527258873},{"alpha":0.7128369212150574,"time":0.5205920338630676},{"alpha":0.800000011920929,"time":0.9147020578384399},{"alpha":0.0,"time":1.0}],"gradientMode":0}'
    m_Space: 2147483647
  m_Property:
    name: Color
    m_serializedType:
      m_SerializableType: UnityEngine.Gradient, UnityEngine.CoreModule, Version=0.0.0.0,
        Culture=neutral, PublicKeyToken=null
  m_Direction: 0
  m_LinkedSlots: []
--- !u!114 &8926484042661614692
MonoBehaviour:
  m_ObjectHideFlags: 0
  m_CorrespondingSourceObject: {fileID: 0}
  m_PrefabInstance: {fileID: 0}
  m_PrefabAsset: {fileID: 0}
  m_GameObject: {fileID: 0}
  m_Enabled: 1
  m_EditorHideFlags: 0
  m_Script: {fileID: 11500000, guid: f68759077adc0b143b6e1c101e82065e, type: 3}
  m_Name: 
  m_EditorClassIdentifier: 
  m_UIIgnoredErrors: []
  m_Parent: {fileID: 114350483966674976}
  m_Children: []
  m_UIPosition: {x: 0, y: 0}
  m_UICollapsed: 1
  m_UISuperCollapsed: 0
  title: 
  m_Owners:
  - {fileID: 8926484042661614640}
--- !u!114 &8926484042661614693
MonoBehaviour:
  m_ObjectHideFlags: 0
  m_CorrespondingSourceObject: {fileID: 0}
  m_PrefabInstance: {fileID: 0}
  m_PrefabAsset: {fileID: 0}
  m_GameObject: {fileID: 0}
  m_Enabled: 1
  m_EditorHideFlags: 0
  m_Script: {fileID: 11500000, guid: d78581a96eae8bf4398c282eb0b098bd, type: 3}
  m_Name: 
  m_EditorClassIdentifier: 
  m_UIIgnoredErrors: []
  m_Parent: {fileID: 114350483966674976}
  m_Children: []
  m_UIPosition: {x: 0, y: 0}
  m_UICollapsed: 1
  m_UISuperCollapsed: 0
  title: 
  m_Owners:
  - {fileID: 8926484042661614644}
  - {fileID: 8926484042661614682}
  - {fileID: 8926484042661614684}
  dataType: 0
  capacity: 64
  stripCapacity: 16
  particlePerStripCount: 16
  needsComputeBounds: 1
  boundsMode: 2
  m_Space: 0
--- !u!114 &8926484042661614709
MonoBehaviour:
  m_ObjectHideFlags: 0
  m_CorrespondingSourceObject: {fileID: 0}
  m_PrefabInstance: {fileID: 0}
  m_PrefabAsset: {fileID: 0}
  m_GameObject: {fileID: 0}
  m_Enabled: 1
  m_EditorHideFlags: 0
  m_Script: {fileID: 11500000, guid: a971fa2e110a0ac42ac1d8dae408704b, type: 3}
  m_Name: 
  m_EditorClassIdentifier: 
  m_UIIgnoredErrors: []
  m_Parent: {fileID: 8926484042661614644}
  m_Children: []
  m_UIPosition: {x: 0, y: 0}
  m_UICollapsed: 0
  m_UISuperCollapsed: 0
  m_InputSlots:
  - {fileID: 8926484042661614715}
  - {fileID: 8926484042661614720}
  m_OutputSlots: []
  m_Disabled: 0
  attribute: position
  Composition: 1
  Source: 0
  Random: 1
  channels: 6
--- !u!114 &8926484042661614715
MonoBehaviour:
  m_ObjectHideFlags: 0
  m_CorrespondingSourceObject: {fileID: 0}
  m_PrefabInstance: {fileID: 0}
  m_PrefabAsset: {fileID: 0}
  m_GameObject: {fileID: 0}
  m_Enabled: 1
  m_EditorHideFlags: 0
  m_Script: {fileID: 11500000, guid: 5265657162cc1a241bba03a3b0476d99, type: 3}
  m_Name: 
  m_EditorClassIdentifier: 
  m_UIIgnoredErrors: []
  m_Parent: {fileID: 0}
  m_Children:
  - {fileID: 8926484042661614716}
  m_UIPosition: {x: 0, y: 0}
  m_UICollapsed: 1
  m_UISuperCollapsed: 0
  m_MasterSlot: {fileID: 8926484042661614715}
  m_MasterData:
    m_Owner: {fileID: 8926484042661614709}
    m_Value:
      m_Type:
        m_SerializableType: UnityEditor.VFX.Position, Unity.VisualEffectGraph.Editor,
          Version=0.0.0.0, Culture=neutral, PublicKeyToken=null
      m_SerializableObject: '{"position":{"x":1.0,"y":0.0,"z":0.0}}'
    m_Space: 0
  m_Property:
    name: A
    m_serializedType:
      m_SerializableType: UnityEditor.VFX.Position, Unity.VisualEffectGraph.Editor,
        Version=0.0.0.0, Culture=neutral, PublicKeyToken=null
  m_Direction: 0
  m_LinkedSlots: []
--- !u!114 &8926484042661614716
MonoBehaviour:
  m_ObjectHideFlags: 0
  m_CorrespondingSourceObject: {fileID: 0}
  m_PrefabInstance: {fileID: 0}
  m_PrefabAsset: {fileID: 0}
  m_GameObject: {fileID: 0}
  m_Enabled: 1
  m_EditorHideFlags: 0
  m_Script: {fileID: 11500000, guid: ac39bd03fca81b849929b9c966f1836a, type: 3}
  m_Name: 
  m_EditorClassIdentifier: 
  m_UIIgnoredErrors: []
  m_Parent: {fileID: 8926484042661614715}
  m_Children:
  - {fileID: 8926484042661614717}
  - {fileID: 8926484042661614718}
  - {fileID: 8926484042661614719}
  m_UIPosition: {x: 0, y: 0}
  m_UICollapsed: 1
  m_UISuperCollapsed: 0
  m_MasterSlot: {fileID: 8926484042661614715}
  m_MasterData:
    m_Owner: {fileID: 0}
    m_Value:
      m_Type:
        m_SerializableType: 
      m_SerializableObject: 
    m_Space: 2147483647
  m_Property:
    name: position
    m_serializedType:
      m_SerializableType: UnityEngine.Vector3, UnityEngine.CoreModule, Version=0.0.0.0,
        Culture=neutral, PublicKeyToken=null
  m_Direction: 0
  m_LinkedSlots: []
--- !u!114 &8926484042661614717
MonoBehaviour:
  m_ObjectHideFlags: 0
  m_CorrespondingSourceObject: {fileID: 0}
  m_PrefabInstance: {fileID: 0}
  m_PrefabAsset: {fileID: 0}
  m_GameObject: {fileID: 0}
  m_Enabled: 1
  m_EditorHideFlags: 0
  m_Script: {fileID: 11500000, guid: f780aa281814f9842a7c076d436932e7, type: 3}
  m_Name: 
  m_EditorClassIdentifier: 
  m_UIIgnoredErrors: []
  m_Parent: {fileID: 8926484042661614716}
  m_Children: []
  m_UIPosition: {x: 0, y: 0}
  m_UICollapsed: 1
  m_UISuperCollapsed: 0
  m_MasterSlot: {fileID: 8926484042661614715}
  m_MasterData:
    m_Owner: {fileID: 0}
    m_Value:
      m_Type:
        m_SerializableType: 
      m_SerializableObject: 
    m_Space: 2147483647
  m_Property:
    name: x
    m_serializedType:
      m_SerializableType: System.Single, mscorlib, Version=4.0.0.0, Culture=neutral,
        PublicKeyToken=b77a5c561934e089
  m_Direction: 0
  m_LinkedSlots: []
--- !u!114 &8926484042661614718
MonoBehaviour:
  m_ObjectHideFlags: 0
  m_CorrespondingSourceObject: {fileID: 0}
  m_PrefabInstance: {fileID: 0}
  m_PrefabAsset: {fileID: 0}
  m_GameObject: {fileID: 0}
  m_Enabled: 1
  m_EditorHideFlags: 0
  m_Script: {fileID: 11500000, guid: f780aa281814f9842a7c076d436932e7, type: 3}
  m_Name: 
  m_EditorClassIdentifier: 
  m_UIIgnoredErrors: []
  m_Parent: {fileID: 8926484042661614716}
  m_Children: []
  m_UIPosition: {x: 0, y: 0}
  m_UICollapsed: 1
  m_UISuperCollapsed: 0
  m_MasterSlot: {fileID: 8926484042661614715}
  m_MasterData:
    m_Owner: {fileID: 0}
    m_Value:
      m_Type:
        m_SerializableType: 
      m_SerializableObject: 
    m_Space: 2147483647
  m_Property:
    name: y
    m_serializedType:
      m_SerializableType: System.Single, mscorlib, Version=4.0.0.0, Culture=neutral,
        PublicKeyToken=b77a5c561934e089
  m_Direction: 0
  m_LinkedSlots: []
--- !u!114 &8926484042661614719
MonoBehaviour:
  m_ObjectHideFlags: 0
  m_CorrespondingSourceObject: {fileID: 0}
  m_PrefabInstance: {fileID: 0}
  m_PrefabAsset: {fileID: 0}
  m_GameObject: {fileID: 0}
  m_Enabled: 1
  m_EditorHideFlags: 0
  m_Script: {fileID: 11500000, guid: f780aa281814f9842a7c076d436932e7, type: 3}
  m_Name: 
  m_EditorClassIdentifier: 
  m_UIIgnoredErrors: []
  m_Parent: {fileID: 8926484042661614716}
  m_Children: []
  m_UIPosition: {x: 0, y: 0}
  m_UICollapsed: 1
  m_UISuperCollapsed: 0
  m_MasterSlot: {fileID: 8926484042661614715}
  m_MasterData:
    m_Owner: {fileID: 0}
    m_Value:
      m_Type:
        m_SerializableType: 
      m_SerializableObject: 
    m_Space: 2147483647
  m_Property:
    name: z
    m_serializedType:
      m_SerializableType: System.Single, mscorlib, Version=4.0.0.0, Culture=neutral,
        PublicKeyToken=b77a5c561934e089
  m_Direction: 0
  m_LinkedSlots: []
--- !u!114 &8926484042661614720
MonoBehaviour:
  m_ObjectHideFlags: 0
  m_CorrespondingSourceObject: {fileID: 0}
  m_PrefabInstance: {fileID: 0}
  m_PrefabAsset: {fileID: 0}
  m_GameObject: {fileID: 0}
  m_Enabled: 1
  m_EditorHideFlags: 0
  m_Script: {fileID: 11500000, guid: 5265657162cc1a241bba03a3b0476d99, type: 3}
  m_Name: 
  m_EditorClassIdentifier: 
  m_UIIgnoredErrors: []
  m_Parent: {fileID: 0}
  m_Children:
  - {fileID: 8926484042661614721}
  m_UIPosition: {x: 0, y: 0}
  m_UICollapsed: 1
  m_UISuperCollapsed: 0
  m_MasterSlot: {fileID: 8926484042661614720}
  m_MasterData:
    m_Owner: {fileID: 8926484042661614709}
    m_Value:
      m_Type:
        m_SerializableType: UnityEditor.VFX.Position, Unity.VisualEffectGraph.Editor,
          Version=0.0.0.0, Culture=neutral, PublicKeyToken=null
      m_SerializableObject: '{"position":{"x":-1.0,"y":0.0,"z":0.0}}'
    m_Space: 0
  m_Property:
    name: B
    m_serializedType:
      m_SerializableType: UnityEditor.VFX.Position, Unity.VisualEffectGraph.Editor,
        Version=0.0.0.0, Culture=neutral, PublicKeyToken=null
  m_Direction: 0
  m_LinkedSlots: []
--- !u!114 &8926484042661614721
MonoBehaviour:
  m_ObjectHideFlags: 0
  m_CorrespondingSourceObject: {fileID: 0}
  m_PrefabInstance: {fileID: 0}
  m_PrefabAsset: {fileID: 0}
  m_GameObject: {fileID: 0}
  m_Enabled: 1
  m_EditorHideFlags: 0
  m_Script: {fileID: 11500000, guid: ac39bd03fca81b849929b9c966f1836a, type: 3}
  m_Name: 
  m_EditorClassIdentifier: 
  m_UIIgnoredErrors: []
  m_Parent: {fileID: 8926484042661614720}
  m_Children:
  - {fileID: 8926484042661614722}
  - {fileID: 8926484042661614723}
  - {fileID: 8926484042661614724}
  m_UIPosition: {x: 0, y: 0}
  m_UICollapsed: 1
  m_UISuperCollapsed: 0
  m_MasterSlot: {fileID: 8926484042661614720}
  m_MasterData:
    m_Owner: {fileID: 0}
    m_Value:
      m_Type:
        m_SerializableType: 
      m_SerializableObject: 
    m_Space: 2147483647
  m_Property:
    name: position
    m_serializedType:
      m_SerializableType: UnityEngine.Vector3, UnityEngine.CoreModule, Version=0.0.0.0,
        Culture=neutral, PublicKeyToken=null
  m_Direction: 0
  m_LinkedSlots: []
--- !u!114 &8926484042661614722
MonoBehaviour:
  m_ObjectHideFlags: 0
  m_CorrespondingSourceObject: {fileID: 0}
  m_PrefabInstance: {fileID: 0}
  m_PrefabAsset: {fileID: 0}
  m_GameObject: {fileID: 0}
  m_Enabled: 1
  m_EditorHideFlags: 0
  m_Script: {fileID: 11500000, guid: f780aa281814f9842a7c076d436932e7, type: 3}
  m_Name: 
  m_EditorClassIdentifier: 
  m_UIIgnoredErrors: []
  m_Parent: {fileID: 8926484042661614721}
  m_Children: []
  m_UIPosition: {x: 0, y: 0}
  m_UICollapsed: 1
  m_UISuperCollapsed: 0
  m_MasterSlot: {fileID: 8926484042661614720}
  m_MasterData:
    m_Owner: {fileID: 0}
    m_Value:
      m_Type:
        m_SerializableType: 
      m_SerializableObject: 
    m_Space: 2147483647
  m_Property:
    name: x
    m_serializedType:
      m_SerializableType: System.Single, mscorlib, Version=4.0.0.0, Culture=neutral,
        PublicKeyToken=b77a5c561934e089
  m_Direction: 0
  m_LinkedSlots: []
--- !u!114 &8926484042661614723
MonoBehaviour:
  m_ObjectHideFlags: 0
  m_CorrespondingSourceObject: {fileID: 0}
  m_PrefabInstance: {fileID: 0}
  m_PrefabAsset: {fileID: 0}
  m_GameObject: {fileID: 0}
  m_Enabled: 1
  m_EditorHideFlags: 0
  m_Script: {fileID: 11500000, guid: f780aa281814f9842a7c076d436932e7, type: 3}
  m_Name: 
  m_EditorClassIdentifier: 
  m_UIIgnoredErrors: []
  m_Parent: {fileID: 8926484042661614721}
  m_Children: []
  m_UIPosition: {x: 0, y: 0}
  m_UICollapsed: 1
  m_UISuperCollapsed: 0
  m_MasterSlot: {fileID: 8926484042661614720}
  m_MasterData:
    m_Owner: {fileID: 0}
    m_Value:
      m_Type:
        m_SerializableType: 
      m_SerializableObject: 
    m_Space: 2147483647
  m_Property:
    name: y
    m_serializedType:
      m_SerializableType: System.Single, mscorlib, Version=4.0.0.0, Culture=neutral,
        PublicKeyToken=b77a5c561934e089
  m_Direction: 0
  m_LinkedSlots: []
--- !u!114 &8926484042661614724
MonoBehaviour:
  m_ObjectHideFlags: 0
  m_CorrespondingSourceObject: {fileID: 0}
  m_PrefabInstance: {fileID: 0}
  m_PrefabAsset: {fileID: 0}
  m_GameObject: {fileID: 0}
  m_Enabled: 1
  m_EditorHideFlags: 0
  m_Script: {fileID: 11500000, guid: f780aa281814f9842a7c076d436932e7, type: 3}
  m_Name: 
  m_EditorClassIdentifier: 
  m_UIIgnoredErrors: []
  m_Parent: {fileID: 8926484042661614721}
  m_Children: []
  m_UIPosition: {x: 0, y: 0}
  m_UICollapsed: 1
  m_UISuperCollapsed: 0
  m_MasterSlot: {fileID: 8926484042661614720}
  m_MasterData:
    m_Owner: {fileID: 0}
    m_Value:
      m_Type:
        m_SerializableType: 
      m_SerializableObject: 
    m_Space: 2147483647
  m_Property:
    name: z
    m_serializedType:
      m_SerializableType: System.Single, mscorlib, Version=4.0.0.0, Culture=neutral,
        PublicKeyToken=b77a5c561934e089
  m_Direction: 0
  m_LinkedSlots: []
--- !u!114 &8926484042661614738
MonoBehaviour:
  m_ObjectHideFlags: 0
  m_CorrespondingSourceObject: {fileID: 0}
  m_PrefabInstance: {fileID: 0}
  m_PrefabAsset: {fileID: 0}
  m_GameObject: {fileID: 0}
  m_Enabled: 1
  m_EditorHideFlags: 0
  m_Script: {fileID: 11500000, guid: 01ec2c1930009b04ea08905b47262415, type: 3}
  m_Name: 
  m_EditorClassIdentifier: 
  m_UIIgnoredErrors: []
  m_Parent: {fileID: 8926484042661614644}
  m_Children: []
  m_UIPosition: {x: 0, y: 0}
  m_UICollapsed: 0
  m_UISuperCollapsed: 0
  m_InputSlots:
  - {fileID: 8926484042661614739}
  m_OutputSlots: []
  m_Disabled: 0
  attribute: alpha
  Composition: 1
  AlphaComposition: 0
  SampleMode: 0
  Mode: 1
  ColorMode: 3
  channels: 6
--- !u!114 &8926484042661614739
MonoBehaviour:
  m_ObjectHideFlags: 0
  m_CorrespondingSourceObject: {fileID: 0}
  m_PrefabInstance: {fileID: 0}
  m_PrefabAsset: {fileID: 0}
  m_GameObject: {fileID: 0}
  m_Enabled: 1
  m_EditorHideFlags: 0
  m_Script: {fileID: 11500000, guid: c117b74c5c58db542bffe25c78fe92db, type: 3}
  m_Name: 
  m_EditorClassIdentifier: 
  m_UIIgnoredErrors: []
  m_Parent: {fileID: 0}
  m_Children: []
  m_UIPosition: {x: 0, y: 0}
  m_UICollapsed: 1
  m_UISuperCollapsed: 0
  m_MasterSlot: {fileID: 8926484042661614739}
  m_MasterData:
    m_Owner: {fileID: 8926484042661614738}
    m_Value:
      m_Type:
        m_SerializableType: UnityEngine.AnimationCurve, UnityEngine.CoreModule, Version=0.0.0.0,
          Culture=neutral, PublicKeyToken=null
      m_SerializableObject: '{"frames":[{"time":0.0,"value":0.0,"inTangent":0.0,"outTangent":0.0,"tangentMode":0,"leftTangentMode":0,"rightTangentMode":0,"broken":false},{"time":0.88751220703125,"value":0.30660247802734377,"inTangent":0.0,"outTangent":0.0,"tangentMode":0,"leftTangentMode":0,"rightTangentMode":0,"broken":false}],"preWrapMode":8,"postWrapMode":8,"version":1}'
    m_Space: 2147483647
  m_Property:
    name: Alpha
    m_serializedType:
      m_SerializableType: UnityEngine.AnimationCurve, UnityEngine.CoreModule, Version=0.0.0.0,
        Culture=neutral, PublicKeyToken=null
  m_Direction: 0
  m_LinkedSlots: []
--- !u!114 &8926484042661614751
MonoBehaviour:
  m_ObjectHideFlags: 0
  m_CorrespondingSourceObject: {fileID: 0}
  m_PrefabInstance: {fileID: 0}
  m_PrefabAsset: {fileID: 0}
  m_GameObject: {fileID: 0}
  m_Enabled: 1
  m_EditorHideFlags: 0
  m_Script: {fileID: 11500000, guid: e5dce54ae3368c042b26ab1f305e15b2, type: 3}
  m_Name: 
  m_EditorClassIdentifier: 
  m_UIIgnoredErrors: []
  m_Parent: {fileID: 8926484042661614682}
  m_Children: []
  m_UIPosition: {x: 0, y: 0}
  m_UICollapsed: 0
  m_UISuperCollapsed: 0
  m_InputSlots:
  - {fileID: 8926484042661614752}
  m_OutputSlots: []
  m_Disabled: 0
--- !u!114 &8926484042661614752
MonoBehaviour:
  m_ObjectHideFlags: 0
  m_CorrespondingSourceObject: {fileID: 0}
  m_PrefabInstance: {fileID: 0}
  m_PrefabAsset: {fileID: 0}
  m_GameObject: {fileID: 0}
  m_Enabled: 1
  m_EditorHideFlags: 0
  m_Script: {fileID: 11500000, guid: a9f9544b71b7dab44a4644b6807e8bf6, type: 3}
  m_Name: 
  m_EditorClassIdentifier: 
  m_UIIgnoredErrors: []
  m_Parent: {fileID: 0}
  m_Children:
  - {fileID: 8926484042661614753}
  m_UIPosition: {x: 0, y: 0}
  m_UICollapsed: 1
  m_UISuperCollapsed: 0
  m_MasterSlot: {fileID: 8926484042661614752}
  m_MasterData:
    m_Owner: {fileID: 8926484042661614751}
    m_Value:
      m_Type:
        m_SerializableType: UnityEditor.VFX.Vector, Unity.VisualEffectGraph.Editor,
          Version=0.0.0.0, Culture=neutral, PublicKeyToken=null
      m_SerializableObject: '{"vector":{"x":0.0,"y":-4.0,"z":0.0}}'
    m_Space: 0
  m_Property:
    name: Force
    m_serializedType:
      m_SerializableType: UnityEditor.VFX.Vector, Unity.VisualEffectGraph.Editor,
        Version=0.0.0.0, Culture=neutral, PublicKeyToken=null
  m_Direction: 0
  m_LinkedSlots: []
--- !u!114 &8926484042661614753
MonoBehaviour:
  m_ObjectHideFlags: 0
  m_CorrespondingSourceObject: {fileID: 0}
  m_PrefabInstance: {fileID: 0}
  m_PrefabAsset: {fileID: 0}
  m_GameObject: {fileID: 0}
  m_Enabled: 1
  m_EditorHideFlags: 0
  m_Script: {fileID: 11500000, guid: ac39bd03fca81b849929b9c966f1836a, type: 3}
  m_Name: 
  m_EditorClassIdentifier: 
  m_UIIgnoredErrors: []
  m_Parent: {fileID: 8926484042661614752}
  m_Children:
  - {fileID: 8926484042661614754}
  - {fileID: 8926484042661614755}
  - {fileID: 8926484042661614756}
  m_UIPosition: {x: 0, y: 0}
  m_UICollapsed: 1
  m_UISuperCollapsed: 0
  m_MasterSlot: {fileID: 8926484042661614752}
  m_MasterData:
    m_Owner: {fileID: 0}
    m_Value:
      m_Type:
        m_SerializableType: 
      m_SerializableObject: 
    m_Space: 2147483647
  m_Property:
    name: vector
    m_serializedType:
      m_SerializableType: UnityEngine.Vector3, UnityEngine.CoreModule, Version=0.0.0.0,
        Culture=neutral, PublicKeyToken=null
  m_Direction: 0
  m_LinkedSlots: []
--- !u!114 &8926484042661614754
MonoBehaviour:
  m_ObjectHideFlags: 0
  m_CorrespondingSourceObject: {fileID: 0}
  m_PrefabInstance: {fileID: 0}
  m_PrefabAsset: {fileID: 0}
  m_GameObject: {fileID: 0}
  m_Enabled: 1
  m_EditorHideFlags: 0
  m_Script: {fileID: 11500000, guid: f780aa281814f9842a7c076d436932e7, type: 3}
  m_Name: 
  m_EditorClassIdentifier: 
  m_UIIgnoredErrors: []
  m_Parent: {fileID: 8926484042661614753}
  m_Children: []
  m_UIPosition: {x: 0, y: 0}
  m_UICollapsed: 1
  m_UISuperCollapsed: 0
  m_MasterSlot: {fileID: 8926484042661614752}
  m_MasterData:
    m_Owner: {fileID: 0}
    m_Value:
      m_Type:
        m_SerializableType: 
      m_SerializableObject: 
    m_Space: 2147483647
  m_Property:
    name: x
    m_serializedType:
      m_SerializableType: System.Single, mscorlib, Version=4.0.0.0, Culture=neutral,
        PublicKeyToken=b77a5c561934e089
  m_Direction: 0
  m_LinkedSlots: []
--- !u!114 &8926484042661614755
MonoBehaviour:
  m_ObjectHideFlags: 0
  m_CorrespondingSourceObject: {fileID: 0}
  m_PrefabInstance: {fileID: 0}
  m_PrefabAsset: {fileID: 0}
  m_GameObject: {fileID: 0}
  m_Enabled: 1
  m_EditorHideFlags: 0
  m_Script: {fileID: 11500000, guid: f780aa281814f9842a7c076d436932e7, type: 3}
  m_Name: 
  m_EditorClassIdentifier: 
  m_UIIgnoredErrors: []
  m_Parent: {fileID: 8926484042661614753}
  m_Children: []
  m_UIPosition: {x: 0, y: 0}
  m_UICollapsed: 1
  m_UISuperCollapsed: 0
  m_MasterSlot: {fileID: 8926484042661614752}
  m_MasterData:
    m_Owner: {fileID: 0}
    m_Value:
      m_Type:
        m_SerializableType: 
      m_SerializableObject: 
    m_Space: 2147483647
  m_Property:
    name: y
    m_serializedType:
      m_SerializableType: System.Single, mscorlib, Version=4.0.0.0, Culture=neutral,
        PublicKeyToken=b77a5c561934e089
  m_Direction: 0
  m_LinkedSlots: []
--- !u!114 &8926484042661614756
MonoBehaviour:
  m_ObjectHideFlags: 0
  m_CorrespondingSourceObject: {fileID: 0}
  m_PrefabInstance: {fileID: 0}
  m_PrefabAsset: {fileID: 0}
  m_GameObject: {fileID: 0}
  m_Enabled: 1
  m_EditorHideFlags: 0
  m_Script: {fileID: 11500000, guid: f780aa281814f9842a7c076d436932e7, type: 3}
  m_Name: 
  m_EditorClassIdentifier: 
  m_UIIgnoredErrors: []
  m_Parent: {fileID: 8926484042661614753}
  m_Children: []
  m_UIPosition: {x: 0, y: 0}
  m_UICollapsed: 1
  m_UISuperCollapsed: 0
  m_MasterSlot: {fileID: 8926484042661614752}
  m_MasterData:
    m_Owner: {fileID: 0}
    m_Value:
      m_Type:
        m_SerializableType: 
      m_SerializableObject: 
    m_Space: 2147483647
  m_Property:
    name: z
    m_serializedType:
      m_SerializableType: System.Single, mscorlib, Version=4.0.0.0, Culture=neutral,
        PublicKeyToken=b77a5c561934e089
  m_Direction: 0
  m_LinkedSlots: []
--- !u!114 &8926484042661614757
MonoBehaviour:
  m_ObjectHideFlags: 0
  m_CorrespondingSourceObject: {fileID: 0}
  m_PrefabInstance: {fileID: 0}
  m_PrefabAsset: {fileID: 0}
  m_GameObject: {fileID: 0}
  m_Enabled: 1
  m_EditorHideFlags: 0
  m_Script: {fileID: 11500000, guid: 162e4a5d99325f14da009fce43aa54ba, type: 3}
  m_Name: 
  m_EditorClassIdentifier: 
  m_UIIgnoredErrors: []
  m_Parent: {fileID: 8926484042661614640}
  m_Children: []
  m_UIPosition: {x: 0, y: 0}
  m_UICollapsed: 0
  m_UISuperCollapsed: 0
  m_InputSlots:
  - {fileID: 8926484042661614758}
  - {fileID: 8926484042661614761}
  m_OutputSlots: []
  m_Disabled: 0
--- !u!114 &8926484042661614758
MonoBehaviour:
  m_ObjectHideFlags: 0
  m_CorrespondingSourceObject: {fileID: 0}
  m_PrefabInstance: {fileID: 0}
  m_PrefabAsset: {fileID: 0}
  m_GameObject: {fileID: 0}
  m_Enabled: 1
  m_EditorHideFlags: 0
  m_Script: {fileID: 11500000, guid: 1b2b751071c7fc14f9fa503163991826, type: 3}
  m_Name: 
  m_EditorClassIdentifier: 
  m_UIIgnoredErrors: []
  m_Parent: {fileID: 0}
  m_Children:
  - {fileID: 8926484042661614759}
  - {fileID: 8926484042661614760}
  m_UIPosition: {x: 0, y: 0}
  m_UICollapsed: 1
  m_UISuperCollapsed: 0
  m_MasterSlot: {fileID: 8926484042661614758}
  m_MasterData:
    m_Owner: {fileID: 8926484042661614757}
    m_Value:
      m_Type:
        m_SerializableType: UnityEngine.Vector2, UnityEngine.CoreModule, Version=0.0.0.0,
          Culture=neutral, PublicKeyToken=null
      m_SerializableObject: '{"x":5.0,"y":10.0}'
    m_Space: 2147483647
  m_Property:
    name: Rate
    m_serializedType:
      m_SerializableType: UnityEngine.Vector2, UnityEngine.CoreModule, Version=0.0.0.0,
        Culture=neutral, PublicKeyToken=null
  m_Direction: 0
  m_LinkedSlots: []
--- !u!114 &8926484042661614759
MonoBehaviour:
  m_ObjectHideFlags: 0
  m_CorrespondingSourceObject: {fileID: 0}
  m_PrefabInstance: {fileID: 0}
  m_PrefabAsset: {fileID: 0}
  m_GameObject: {fileID: 0}
  m_Enabled: 1
  m_EditorHideFlags: 0
  m_Script: {fileID: 11500000, guid: f780aa281814f9842a7c076d436932e7, type: 3}
  m_Name: 
  m_EditorClassIdentifier: 
  m_UIIgnoredErrors: []
  m_Parent: {fileID: 8926484042661614758}
  m_Children: []
  m_UIPosition: {x: 0, y: 0}
  m_UICollapsed: 1
  m_UISuperCollapsed: 0
  m_MasterSlot: {fileID: 8926484042661614758}
  m_MasterData:
    m_Owner: {fileID: 0}
    m_Value:
      m_Type:
        m_SerializableType: 
      m_SerializableObject: 
    m_Space: 2147483647
  m_Property:
    name: x
    m_serializedType:
      m_SerializableType: System.Single, mscorlib, Version=4.0.0.0, Culture=neutral,
        PublicKeyToken=b77a5c561934e089
  m_Direction: 0
  m_LinkedSlots: []
--- !u!114 &8926484042661614760
MonoBehaviour:
  m_ObjectHideFlags: 0
  m_CorrespondingSourceObject: {fileID: 0}
  m_PrefabInstance: {fileID: 0}
  m_PrefabAsset: {fileID: 0}
  m_GameObject: {fileID: 0}
  m_Enabled: 1
  m_EditorHideFlags: 0
  m_Script: {fileID: 11500000, guid: f780aa281814f9842a7c076d436932e7, type: 3}
  m_Name: 
  m_EditorClassIdentifier: 
  m_UIIgnoredErrors: []
  m_Parent: {fileID: 8926484042661614758}
  m_Children: []
  m_UIPosition: {x: 0, y: 0}
  m_UICollapsed: 1
  m_UISuperCollapsed: 0
  m_MasterSlot: {fileID: 8926484042661614758}
  m_MasterData:
    m_Owner: {fileID: 0}
    m_Value:
      m_Type:
        m_SerializableType: 
      m_SerializableObject: 
    m_Space: 2147483647
  m_Property:
    name: y
    m_serializedType:
      m_SerializableType: System.Single, mscorlib, Version=4.0.0.0, Culture=neutral,
        PublicKeyToken=b77a5c561934e089
  m_Direction: 0
  m_LinkedSlots: []
--- !u!114 &8926484042661614761
MonoBehaviour:
  m_ObjectHideFlags: 0
  m_CorrespondingSourceObject: {fileID: 0}
  m_PrefabInstance: {fileID: 0}
  m_PrefabAsset: {fileID: 0}
  m_GameObject: {fileID: 0}
  m_Enabled: 1
  m_EditorHideFlags: 0
  m_Script: {fileID: 11500000, guid: 1b2b751071c7fc14f9fa503163991826, type: 3}
  m_Name: 
  m_EditorClassIdentifier: 
  m_UIIgnoredErrors: []
  m_Parent: {fileID: 0}
  m_Children:
  - {fileID: 8926484042661614762}
  - {fileID: 8926484042661614763}
  m_UIPosition: {x: 0, y: 0}
  m_UICollapsed: 1
  m_UISuperCollapsed: 0
  m_MasterSlot: {fileID: 8926484042661614761}
  m_MasterData:
    m_Owner: {fileID: 8926484042661614757}
    m_Value:
      m_Type:
        m_SerializableType: UnityEngine.Vector2, UnityEngine.CoreModule, Version=0.0.0.0,
          Culture=neutral, PublicKeyToken=null
      m_SerializableObject: '{"x":1.0,"y":6.0}'
    m_Space: 2147483647
  m_Property:
    name: Period
    m_serializedType:
      m_SerializableType: UnityEngine.Vector2, UnityEngine.CoreModule, Version=0.0.0.0,
        Culture=neutral, PublicKeyToken=null
  m_Direction: 0
  m_LinkedSlots: []
--- !u!114 &8926484042661614762
MonoBehaviour:
  m_ObjectHideFlags: 0
  m_CorrespondingSourceObject: {fileID: 0}
  m_PrefabInstance: {fileID: 0}
  m_PrefabAsset: {fileID: 0}
  m_GameObject: {fileID: 0}
  m_Enabled: 1
  m_EditorHideFlags: 0
  m_Script: {fileID: 11500000, guid: f780aa281814f9842a7c076d436932e7, type: 3}
  m_Name: 
  m_EditorClassIdentifier: 
  m_UIIgnoredErrors: []
  m_Parent: {fileID: 8926484042661614761}
  m_Children: []
  m_UIPosition: {x: 0, y: 0}
  m_UICollapsed: 1
  m_UISuperCollapsed: 0
  m_MasterSlot: {fileID: 8926484042661614761}
  m_MasterData:
    m_Owner: {fileID: 0}
    m_Value:
      m_Type:
        m_SerializableType: 
      m_SerializableObject: 
    m_Space: 2147483647
  m_Property:
    name: x
    m_serializedType:
      m_SerializableType: System.Single, mscorlib, Version=4.0.0.0, Culture=neutral,
        PublicKeyToken=b77a5c561934e089
  m_Direction: 0
  m_LinkedSlots: []
--- !u!114 &8926484042661614763
MonoBehaviour:
  m_ObjectHideFlags: 0
  m_CorrespondingSourceObject: {fileID: 0}
  m_PrefabInstance: {fileID: 0}
  m_PrefabAsset: {fileID: 0}
  m_GameObject: {fileID: 0}
  m_Enabled: 1
  m_EditorHideFlags: 0
  m_Script: {fileID: 11500000, guid: f780aa281814f9842a7c076d436932e7, type: 3}
  m_Name: 
  m_EditorClassIdentifier: 
  m_UIIgnoredErrors: []
  m_Parent: {fileID: 8926484042661614761}
  m_Children: []
  m_UIPosition: {x: 0, y: 0}
  m_UICollapsed: 1
  m_UISuperCollapsed: 0
  m_MasterSlot: {fileID: 8926484042661614761}
  m_MasterData:
    m_Owner: {fileID: 0}
    m_Value:
      m_Type:
        m_SerializableType: 
      m_SerializableObject: 
    m_Space: 2147483647
  m_Property:
    name: y
    m_serializedType:
      m_SerializableType: System.Single, mscorlib, Version=4.0.0.0, Culture=neutral,
        PublicKeyToken=b77a5c561934e089
  m_Direction: 0
  m_LinkedSlots: []
--- !u!114 &8926484042661614764
MonoBehaviour:
  m_ObjectHideFlags: 0
  m_CorrespondingSourceObject: {fileID: 0}
  m_PrefabInstance: {fileID: 0}
  m_PrefabAsset: {fileID: 0}
  m_GameObject: {fileID: 0}
  m_Enabled: 1
  m_EditorHideFlags: 0
  m_Script: {fileID: 11500000, guid: 63716c0daf1806941a123003dc6d7398, type: 3}
  m_Name: 
  m_EditorClassIdentifier: 
  m_UIIgnoredErrors: []
  m_Parent: {fileID: 8926484042661614682}
  m_Children: []
  m_UIPosition: {x: 0, y: 0}
  m_UICollapsed: 0
  m_UISuperCollapsed: 0
  m_InputSlots:
  - {fileID: 8926484042661614765}
  - {fileID: 8926484042661614778}
  - {fileID: 8926484042661614780}
  - {fileID: 8926484042661614781}
  - {fileID: 8926484042661614782}
  - {fileID: 8926484042661614783}
  m_OutputSlots: []
  m_Disabled: 0
  Mode: 0
  NoiseType: 1
--- !u!114 &8926484042661614765
MonoBehaviour:
  m_ObjectHideFlags: 0
  m_CorrespondingSourceObject: {fileID: 0}
  m_PrefabInstance: {fileID: 0}
  m_PrefabAsset: {fileID: 0}
  m_GameObject: {fileID: 0}
  m_Enabled: 1
  m_EditorHideFlags: 0
  m_Script: {fileID: 11500000, guid: 3e3f628d80ffceb489beac74258f9cf7, type: 3}
  m_Name: 
  m_EditorClassIdentifier: 
  m_UIIgnoredErrors: []
  m_Parent: {fileID: 0}
  m_Children:
  - {fileID: 8926484042661614766}
  - {fileID: 8926484042661614770}
  - {fileID: 8926484042661614774}
  m_UIPosition: {x: 0, y: 0}
  m_UICollapsed: 1
  m_UISuperCollapsed: 0
  m_MasterSlot: {fileID: 8926484042661614765}
  m_MasterData:
    m_Owner: {fileID: 8926484042661614764}
    m_Value:
      m_Type:
        m_SerializableType: UnityEditor.VFX.Transform, Unity.VisualEffectGraph.Editor,
          Version=0.0.0.0, Culture=neutral, PublicKeyToken=null
      m_SerializableObject: '{"position":{"x":0.0,"y":0.0,"z":0.0},"angles":{"x":0.0,"y":0.0,"z":0.0},"scale":{"x":1.0,"y":1.0,"z":1.0}}'
    m_Space: 0
  m_Property:
    name: FieldTransform
    m_serializedType:
      m_SerializableType: UnityEditor.VFX.Transform, Unity.VisualEffectGraph.Editor,
        Version=0.0.0.0, Culture=neutral, PublicKeyToken=null
  m_Direction: 0
  m_LinkedSlots: []
--- !u!114 &8926484042661614766
MonoBehaviour:
  m_ObjectHideFlags: 0
  m_CorrespondingSourceObject: {fileID: 0}
  m_PrefabInstance: {fileID: 0}
  m_PrefabAsset: {fileID: 0}
  m_GameObject: {fileID: 0}
  m_Enabled: 1
  m_EditorHideFlags: 0
  m_Script: {fileID: 11500000, guid: ac39bd03fca81b849929b9c966f1836a, type: 3}
  m_Name: 
  m_EditorClassIdentifier: 
  m_UIIgnoredErrors: []
  m_Parent: {fileID: 8926484042661614765}
  m_Children:
  - {fileID: 8926484042661614767}
  - {fileID: 8926484042661614768}
  - {fileID: 8926484042661614769}
  m_UIPosition: {x: 0, y: 0}
  m_UICollapsed: 1
  m_UISuperCollapsed: 0
  m_MasterSlot: {fileID: 8926484042661614765}
  m_MasterData:
    m_Owner: {fileID: 0}
    m_Value:
      m_Type:
        m_SerializableType: 
      m_SerializableObject: 
    m_Space: 2147483647
  m_Property:
    name: position
    m_serializedType:
      m_SerializableType: UnityEngine.Vector3, UnityEngine.CoreModule, Version=0.0.0.0,
        Culture=neutral, PublicKeyToken=null
  m_Direction: 0
  m_LinkedSlots: []
--- !u!114 &8926484042661614767
MonoBehaviour:
  m_ObjectHideFlags: 0
  m_CorrespondingSourceObject: {fileID: 0}
  m_PrefabInstance: {fileID: 0}
  m_PrefabAsset: {fileID: 0}
  m_GameObject: {fileID: 0}
  m_Enabled: 1
  m_EditorHideFlags: 0
  m_Script: {fileID: 11500000, guid: f780aa281814f9842a7c076d436932e7, type: 3}
  m_Name: 
  m_EditorClassIdentifier: 
  m_UIIgnoredErrors: []
  m_Parent: {fileID: 8926484042661614766}
  m_Children: []
  m_UIPosition: {x: 0, y: 0}
  m_UICollapsed: 1
  m_UISuperCollapsed: 0
  m_MasterSlot: {fileID: 8926484042661614765}
  m_MasterData:
    m_Owner: {fileID: 0}
    m_Value:
      m_Type:
        m_SerializableType: 
      m_SerializableObject: 
    m_Space: 2147483647
  m_Property:
    name: x
    m_serializedType:
      m_SerializableType: System.Single, mscorlib, Version=4.0.0.0, Culture=neutral,
        PublicKeyToken=b77a5c561934e089
  m_Direction: 0
  m_LinkedSlots: []
--- !u!114 &8926484042661614768
MonoBehaviour:
  m_ObjectHideFlags: 0
  m_CorrespondingSourceObject: {fileID: 0}
  m_PrefabInstance: {fileID: 0}
  m_PrefabAsset: {fileID: 0}
  m_GameObject: {fileID: 0}
  m_Enabled: 1
  m_EditorHideFlags: 0
  m_Script: {fileID: 11500000, guid: f780aa281814f9842a7c076d436932e7, type: 3}
  m_Name: 
  m_EditorClassIdentifier: 
  m_UIIgnoredErrors: []
  m_Parent: {fileID: 8926484042661614766}
  m_Children: []
  m_UIPosition: {x: 0, y: 0}
  m_UICollapsed: 1
  m_UISuperCollapsed: 0
  m_MasterSlot: {fileID: 8926484042661614765}
  m_MasterData:
    m_Owner: {fileID: 0}
    m_Value:
      m_Type:
        m_SerializableType: 
      m_SerializableObject: 
    m_Space: 2147483647
  m_Property:
    name: y
    m_serializedType:
      m_SerializableType: System.Single, mscorlib, Version=4.0.0.0, Culture=neutral,
        PublicKeyToken=b77a5c561934e089
  m_Direction: 0
  m_LinkedSlots: []
--- !u!114 &8926484042661614769
MonoBehaviour:
  m_ObjectHideFlags: 0
  m_CorrespondingSourceObject: {fileID: 0}
  m_PrefabInstance: {fileID: 0}
  m_PrefabAsset: {fileID: 0}
  m_GameObject: {fileID: 0}
  m_Enabled: 1
  m_EditorHideFlags: 0
  m_Script: {fileID: 11500000, guid: f780aa281814f9842a7c076d436932e7, type: 3}
  m_Name: 
  m_EditorClassIdentifier: 
  m_UIIgnoredErrors: []
  m_Parent: {fileID: 8926484042661614766}
  m_Children: []
  m_UIPosition: {x: 0, y: 0}
  m_UICollapsed: 1
  m_UISuperCollapsed: 0
  m_MasterSlot: {fileID: 8926484042661614765}
  m_MasterData:
    m_Owner: {fileID: 0}
    m_Value:
      m_Type:
        m_SerializableType: 
      m_SerializableObject: 
    m_Space: 2147483647
  m_Property:
    name: z
    m_serializedType:
      m_SerializableType: System.Single, mscorlib, Version=4.0.0.0, Culture=neutral,
        PublicKeyToken=b77a5c561934e089
  m_Direction: 0
  m_LinkedSlots: []
--- !u!114 &8926484042661614770
MonoBehaviour:
  m_ObjectHideFlags: 0
  m_CorrespondingSourceObject: {fileID: 0}
  m_PrefabInstance: {fileID: 0}
  m_PrefabAsset: {fileID: 0}
  m_GameObject: {fileID: 0}
  m_Enabled: 1
  m_EditorHideFlags: 0
  m_Script: {fileID: 11500000, guid: ac39bd03fca81b849929b9c966f1836a, type: 3}
  m_Name: 
  m_EditorClassIdentifier: 
  m_UIIgnoredErrors: []
  m_Parent: {fileID: 8926484042661614765}
  m_Children:
  - {fileID: 8926484042661614771}
  - {fileID: 8926484042661614772}
  - {fileID: 8926484042661614773}
  m_UIPosition: {x: 0, y: 0}
  m_UICollapsed: 1
  m_UISuperCollapsed: 0
  m_MasterSlot: {fileID: 8926484042661614765}
  m_MasterData:
    m_Owner: {fileID: 0}
    m_Value:
      m_Type:
        m_SerializableType: 
      m_SerializableObject: 
    m_Space: 2147483647
  m_Property:
    name: angles
    m_serializedType:
      m_SerializableType: UnityEngine.Vector3, UnityEngine.CoreModule, Version=0.0.0.0,
        Culture=neutral, PublicKeyToken=null
  m_Direction: 0
  m_LinkedSlots: []
--- !u!114 &8926484042661614771
MonoBehaviour:
  m_ObjectHideFlags: 0
  m_CorrespondingSourceObject: {fileID: 0}
  m_PrefabInstance: {fileID: 0}
  m_PrefabAsset: {fileID: 0}
  m_GameObject: {fileID: 0}
  m_Enabled: 1
  m_EditorHideFlags: 0
  m_Script: {fileID: 11500000, guid: f780aa281814f9842a7c076d436932e7, type: 3}
  m_Name: 
  m_EditorClassIdentifier: 
  m_UIIgnoredErrors: []
  m_Parent: {fileID: 8926484042661614770}
  m_Children: []
  m_UIPosition: {x: 0, y: 0}
  m_UICollapsed: 1
  m_UISuperCollapsed: 0
  m_MasterSlot: {fileID: 8926484042661614765}
  m_MasterData:
    m_Owner: {fileID: 0}
    m_Value:
      m_Type:
        m_SerializableType: 
      m_SerializableObject: 
    m_Space: 2147483647
  m_Property:
    name: x
    m_serializedType:
      m_SerializableType: System.Single, mscorlib, Version=4.0.0.0, Culture=neutral,
        PublicKeyToken=b77a5c561934e089
  m_Direction: 0
  m_LinkedSlots: []
--- !u!114 &8926484042661614772
MonoBehaviour:
  m_ObjectHideFlags: 0
  m_CorrespondingSourceObject: {fileID: 0}
  m_PrefabInstance: {fileID: 0}
  m_PrefabAsset: {fileID: 0}
  m_GameObject: {fileID: 0}
  m_Enabled: 1
  m_EditorHideFlags: 0
  m_Script: {fileID: 11500000, guid: f780aa281814f9842a7c076d436932e7, type: 3}
  m_Name: 
  m_EditorClassIdentifier: 
  m_UIIgnoredErrors: []
  m_Parent: {fileID: 8926484042661614770}
  m_Children: []
  m_UIPosition: {x: 0, y: 0}
  m_UICollapsed: 1
  m_UISuperCollapsed: 0
  m_MasterSlot: {fileID: 8926484042661614765}
  m_MasterData:
    m_Owner: {fileID: 0}
    m_Value:
      m_Type:
        m_SerializableType: 
      m_SerializableObject: 
    m_Space: 2147483647
  m_Property:
    name: y
    m_serializedType:
      m_SerializableType: System.Single, mscorlib, Version=4.0.0.0, Culture=neutral,
        PublicKeyToken=b77a5c561934e089
  m_Direction: 0
  m_LinkedSlots: []
--- !u!114 &8926484042661614773
MonoBehaviour:
  m_ObjectHideFlags: 0
  m_CorrespondingSourceObject: {fileID: 0}
  m_PrefabInstance: {fileID: 0}
  m_PrefabAsset: {fileID: 0}
  m_GameObject: {fileID: 0}
  m_Enabled: 1
  m_EditorHideFlags: 0
  m_Script: {fileID: 11500000, guid: f780aa281814f9842a7c076d436932e7, type: 3}
  m_Name: 
  m_EditorClassIdentifier: 
  m_UIIgnoredErrors: []
  m_Parent: {fileID: 8926484042661614770}
  m_Children: []
  m_UIPosition: {x: 0, y: 0}
  m_UICollapsed: 1
  m_UISuperCollapsed: 0
  m_MasterSlot: {fileID: 8926484042661614765}
  m_MasterData:
    m_Owner: {fileID: 0}
    m_Value:
      m_Type:
        m_SerializableType: 
      m_SerializableObject: 
    m_Space: 2147483647
  m_Property:
    name: z
    m_serializedType:
      m_SerializableType: System.Single, mscorlib, Version=4.0.0.0, Culture=neutral,
        PublicKeyToken=b77a5c561934e089
  m_Direction: 0
  m_LinkedSlots: []
--- !u!114 &8926484042661614774
MonoBehaviour:
  m_ObjectHideFlags: 0
  m_CorrespondingSourceObject: {fileID: 0}
  m_PrefabInstance: {fileID: 0}
  m_PrefabAsset: {fileID: 0}
  m_GameObject: {fileID: 0}
  m_Enabled: 1
  m_EditorHideFlags: 0
  m_Script: {fileID: 11500000, guid: ac39bd03fca81b849929b9c966f1836a, type: 3}
  m_Name: 
  m_EditorClassIdentifier: 
  m_UIIgnoredErrors: []
  m_Parent: {fileID: 8926484042661614765}
  m_Children:
  - {fileID: 8926484042661614775}
  - {fileID: 8926484042661614776}
  - {fileID: 8926484042661614777}
  m_UIPosition: {x: 0, y: 0}
  m_UICollapsed: 1
  m_UISuperCollapsed: 0
  m_MasterSlot: {fileID: 8926484042661614765}
  m_MasterData:
    m_Owner: {fileID: 0}
    m_Value:
      m_Type:
        m_SerializableType: 
      m_SerializableObject: 
    m_Space: 2147483647
  m_Property:
    name: scale
    m_serializedType:
      m_SerializableType: UnityEngine.Vector3, UnityEngine.CoreModule, Version=0.0.0.0,
        Culture=neutral, PublicKeyToken=null
  m_Direction: 0
  m_LinkedSlots: []
--- !u!114 &8926484042661614775
MonoBehaviour:
  m_ObjectHideFlags: 0
  m_CorrespondingSourceObject: {fileID: 0}
  m_PrefabInstance: {fileID: 0}
  m_PrefabAsset: {fileID: 0}
  m_GameObject: {fileID: 0}
  m_Enabled: 1
  m_EditorHideFlags: 0
  m_Script: {fileID: 11500000, guid: f780aa281814f9842a7c076d436932e7, type: 3}
  m_Name: 
  m_EditorClassIdentifier: 
  m_UIIgnoredErrors: []
  m_Parent: {fileID: 8926484042661614774}
  m_Children: []
  m_UIPosition: {x: 0, y: 0}
  m_UICollapsed: 1
  m_UISuperCollapsed: 0
  m_MasterSlot: {fileID: 8926484042661614765}
  m_MasterData:
    m_Owner: {fileID: 0}
    m_Value:
      m_Type:
        m_SerializableType: 
      m_SerializableObject: 
    m_Space: 2147483647
  m_Property:
    name: x
    m_serializedType:
      m_SerializableType: System.Single, mscorlib, Version=4.0.0.0, Culture=neutral,
        PublicKeyToken=b77a5c561934e089
  m_Direction: 0
  m_LinkedSlots: []
--- !u!114 &8926484042661614776
MonoBehaviour:
  m_ObjectHideFlags: 0
  m_CorrespondingSourceObject: {fileID: 0}
  m_PrefabInstance: {fileID: 0}
  m_PrefabAsset: {fileID: 0}
  m_GameObject: {fileID: 0}
  m_Enabled: 1
  m_EditorHideFlags: 0
  m_Script: {fileID: 11500000, guid: f780aa281814f9842a7c076d436932e7, type: 3}
  m_Name: 
  m_EditorClassIdentifier: 
  m_UIIgnoredErrors: []
  m_Parent: {fileID: 8926484042661614774}
  m_Children: []
  m_UIPosition: {x: 0, y: 0}
  m_UICollapsed: 1
  m_UISuperCollapsed: 0
  m_MasterSlot: {fileID: 8926484042661614765}
  m_MasterData:
    m_Owner: {fileID: 0}
    m_Value:
      m_Type:
        m_SerializableType: 
      m_SerializableObject: 
    m_Space: 2147483647
  m_Property:
    name: y
    m_serializedType:
      m_SerializableType: System.Single, mscorlib, Version=4.0.0.0, Culture=neutral,
        PublicKeyToken=b77a5c561934e089
  m_Direction: 0
  m_LinkedSlots: []
--- !u!114 &8926484042661614777
MonoBehaviour:
  m_ObjectHideFlags: 0
  m_CorrespondingSourceObject: {fileID: 0}
  m_PrefabInstance: {fileID: 0}
  m_PrefabAsset: {fileID: 0}
  m_GameObject: {fileID: 0}
  m_Enabled: 1
  m_EditorHideFlags: 0
  m_Script: {fileID: 11500000, guid: f780aa281814f9842a7c076d436932e7, type: 3}
  m_Name: 
  m_EditorClassIdentifier: 
  m_UIIgnoredErrors: []
  m_Parent: {fileID: 8926484042661614774}
  m_Children: []
  m_UIPosition: {x: 0, y: 0}
  m_UICollapsed: 1
  m_UISuperCollapsed: 0
  m_MasterSlot: {fileID: 8926484042661614765}
  m_MasterData:
    m_Owner: {fileID: 0}
    m_Value:
      m_Type:
        m_SerializableType: 
      m_SerializableObject: 
    m_Space: 2147483647
  m_Property:
    name: z
    m_serializedType:
      m_SerializableType: System.Single, mscorlib, Version=4.0.0.0, Culture=neutral,
        PublicKeyToken=b77a5c561934e089
  m_Direction: 0
  m_LinkedSlots: []
--- !u!114 &8926484042661614778
MonoBehaviour:
  m_ObjectHideFlags: 0
  m_CorrespondingSourceObject: {fileID: 0}
  m_PrefabInstance: {fileID: 0}
  m_PrefabAsset: {fileID: 0}
  m_GameObject: {fileID: 0}
  m_Enabled: 1
  m_EditorHideFlags: 0
  m_Script: {fileID: 11500000, guid: f780aa281814f9842a7c076d436932e7, type: 3}
  m_Name: 
  m_EditorClassIdentifier: 
  m_UIIgnoredErrors: []
  m_Parent: {fileID: 0}
  m_Children: []
  m_UIPosition: {x: 0, y: 0}
  m_UICollapsed: 1
  m_UISuperCollapsed: 0
  m_MasterSlot: {fileID: 8926484042661614778}
  m_MasterData:
    m_Owner: {fileID: 8926484042661614764}
    m_Value:
      m_Type:
        m_SerializableType: System.Single, mscorlib, Version=4.0.0.0, Culture=neutral,
          PublicKeyToken=b77a5c561934e089
      m_SerializableObject: 2.63
    m_Space: 2147483647
  m_Property:
    name: Intensity
    m_serializedType:
      m_SerializableType: System.Single, mscorlib, Version=4.0.0.0, Culture=neutral,
        PublicKeyToken=b77a5c561934e089
  m_Direction: 0
  m_LinkedSlots: []
--- !u!114 &8926484042661614780
MonoBehaviour:
  m_ObjectHideFlags: 0
  m_CorrespondingSourceObject: {fileID: 0}
  m_PrefabInstance: {fileID: 0}
  m_PrefabAsset: {fileID: 0}
  m_GameObject: {fileID: 0}
  m_Enabled: 1
  m_EditorHideFlags: 0
  m_Script: {fileID: 11500000, guid: f780aa281814f9842a7c076d436932e7, type: 3}
  m_Name: 
  m_EditorClassIdentifier: 
  m_UIIgnoredErrors: []
  m_Parent: {fileID: 0}
  m_Children: []
  m_UIPosition: {x: 0, y: 0}
  m_UICollapsed: 1
  m_UISuperCollapsed: 0
  m_MasterSlot: {fileID: 8926484042661614780}
  m_MasterData:
    m_Owner: {fileID: 8926484042661614764}
    m_Value:
      m_Type:
        m_SerializableType: System.Single, mscorlib, Version=4.0.0.0, Culture=neutral,
          PublicKeyToken=b77a5c561934e089
      m_SerializableObject: 1.25
    m_Space: 2147483647
  m_Property:
    name: frequency
    m_serializedType:
      m_SerializableType: System.Single, mscorlib, Version=4.0.0.0, Culture=neutral,
        PublicKeyToken=b77a5c561934e089
  m_Direction: 0
  m_LinkedSlots: []
--- !u!114 &8926484042661614781
MonoBehaviour:
  m_ObjectHideFlags: 0
  m_CorrespondingSourceObject: {fileID: 0}
  m_PrefabInstance: {fileID: 0}
  m_PrefabAsset: {fileID: 0}
  m_GameObject: {fileID: 0}
  m_Enabled: 1
  m_EditorHideFlags: 0
  m_Script: {fileID: 11500000, guid: 4d246e354feb93041a837a9ef59437cb, type: 3}
  m_Name: 
  m_EditorClassIdentifier: 
  m_UIIgnoredErrors: []
  m_Parent: {fileID: 0}
  m_Children: []
  m_UIPosition: {x: 0, y: 0}
  m_UICollapsed: 1
  m_UISuperCollapsed: 0
  m_MasterSlot: {fileID: 8926484042661614781}
  m_MasterData:
    m_Owner: {fileID: 8926484042661614764}
    m_Value:
      m_Type:
        m_SerializableType: System.Int32, mscorlib, Version=4.0.0.0, Culture=neutral,
          PublicKeyToken=b77a5c561934e089
      m_SerializableObject: 1
    m_Space: 2147483647
  m_Property:
    name: octaves
    m_serializedType:
      m_SerializableType: System.Int32, mscorlib, Version=4.0.0.0, Culture=neutral,
        PublicKeyToken=b77a5c561934e089
  m_Direction: 0
  m_LinkedSlots: []
--- !u!114 &8926484042661614782
MonoBehaviour:
  m_ObjectHideFlags: 0
  m_CorrespondingSourceObject: {fileID: 0}
  m_PrefabInstance: {fileID: 0}
  m_PrefabAsset: {fileID: 0}
  m_GameObject: {fileID: 0}
  m_Enabled: 1
  m_EditorHideFlags: 0
  m_Script: {fileID: 11500000, guid: f780aa281814f9842a7c076d436932e7, type: 3}
  m_Name: 
  m_EditorClassIdentifier: 
  m_UIIgnoredErrors: []
  m_Parent: {fileID: 0}
  m_Children: []
  m_UIPosition: {x: 0, y: 0}
  m_UICollapsed: 1
  m_UISuperCollapsed: 0
  m_MasterSlot: {fileID: 8926484042661614782}
  m_MasterData:
    m_Owner: {fileID: 8926484042661614764}
    m_Value:
      m_Type:
        m_SerializableType: System.Single, mscorlib, Version=4.0.0.0, Culture=neutral,
          PublicKeyToken=b77a5c561934e089
      m_SerializableObject: 0.54
    m_Space: 2147483647
  m_Property:
    name: roughness
    m_serializedType:
      m_SerializableType: System.Single, mscorlib, Version=4.0.0.0, Culture=neutral,
        PublicKeyToken=b77a5c561934e089
  m_Direction: 0
  m_LinkedSlots: []
--- !u!114 &8926484042661614783
MonoBehaviour:
  m_ObjectHideFlags: 0
  m_CorrespondingSourceObject: {fileID: 0}
  m_PrefabInstance: {fileID: 0}
  m_PrefabAsset: {fileID: 0}
  m_GameObject: {fileID: 0}
  m_Enabled: 1
  m_EditorHideFlags: 0
  m_Script: {fileID: 11500000, guid: f780aa281814f9842a7c076d436932e7, type: 3}
  m_Name: 
  m_EditorClassIdentifier: 
  m_UIIgnoredErrors: []
  m_Parent: {fileID: 0}
  m_Children: []
  m_UIPosition: {x: 0, y: 0}
  m_UICollapsed: 1
  m_UISuperCollapsed: 0
  m_MasterSlot: {fileID: 8926484042661614783}
  m_MasterData:
    m_Owner: {fileID: 8926484042661614764}
    m_Value:
      m_Type:
        m_SerializableType: System.Single, mscorlib, Version=4.0.0.0, Culture=neutral,
          PublicKeyToken=b77a5c561934e089
      m_SerializableObject: 3.15
    m_Space: 2147483647
  m_Property:
    name: lacunarity
    m_serializedType:
      m_SerializableType: System.Single, mscorlib, Version=4.0.0.0, Culture=neutral,
        PublicKeyToken=b77a5c561934e089
  m_Direction: 0
  m_LinkedSlots: []
