%YAML 1.1
%TAG !u! tag:unity3d.com,2011:
--- !u!1 &5806271891393920567
GameObject:
  m_ObjectHideFlags: 0
  m_CorrespondingSourceObject: {fileID: 0}
  m_PrefabInstance: {fileID: 0}
  m_PrefabAsset: {fileID: 0}
  serializedVersion: 6
  m_Component:
  - component: {fileID: 5806271891393920561}
  - component: {fileID: 8299480625874692311}
  - component: {fileID: 9106103622331570321}
  - component: {fileID: 1032943033619218263}
  - component: {fileID: 5578715700869358015}
  - component: {fileID: 3562151498543217894}
  - component: {fileID: 5806271891393920565}
  - component: {fileID: 5806271891393920562}
  - component: {fileID: 8350617658727879985}
  m_Layer: 6
  m_Name: PlayerFinal
  m_TagString: PlayerHurtbox
  m_Icon: {fileID: 0}
  m_NavMeshLayer: 0
  m_StaticEditorFlags: 0
  m_IsActive: 1
--- !u!4 &5806271891393920561
Transform:
  m_ObjectHideFlags: 0
  m_CorrespondingSourceObject: {fileID: 0}
  m_PrefabInstance: {fileID: 0}
  m_PrefabAsset: {fileID: 0}
  m_GameObject: {fileID: 5806271891393920567}
  m_LocalRotation: {x: 0, y: 0, z: 0, w: 1}
  m_LocalPosition: {x: 99.37084, y: 6.1643543, z: 0}
  m_LocalScale: {x: 1, y: 1, z: 1}
  m_ConstrainProportionsScale: 0
  m_Children:
  - {fileID: 1858860539005407435}
  m_Father: {fileID: 0}
  m_RootOrder: 0
  m_LocalEulerAnglesHint: {x: 0, y: 0, z: 0}
--- !u!212 &8299480625874692311
SpriteRenderer:
  m_ObjectHideFlags: 0
  m_CorrespondingSourceObject: {fileID: 0}
  m_PrefabInstance: {fileID: 0}
  m_PrefabAsset: {fileID: 0}
  m_GameObject: {fileID: 5806271891393920567}
  m_Enabled: 1
  m_CastShadows: 0
  m_ReceiveShadows: 0
  m_DynamicOccludee: 1
  m_StaticShadowCaster: 0
  m_MotionVectors: 1
  m_LightProbeUsage: 1
  m_ReflectionProbeUsage: 1
  m_RayTracingMode: 0
  m_RayTraceProcedural: 0
  m_RenderingLayerMask: 1
  m_RendererPriority: 0
  m_Materials:
  - {fileID: 2100000, guid: 917fa25b2edc4e64dbe308d6d97bd5a3, type: 2}
  m_StaticBatchInfo:
    firstSubMesh: 0
    subMeshCount: 0
  m_StaticBatchRoot: {fileID: 0}
  m_ProbeAnchor: {fileID: 0}
  m_LightProbeVolumeOverride: {fileID: 0}
  m_ScaleInLightmap: 1
  m_ReceiveGI: 1
  m_PreserveUVs: 0
  m_IgnoreNormalsForChartDetection: 0
  m_ImportantGI: 0
  m_StitchLightmapSeams: 1
  m_SelectedEditorRenderState: 0
  m_MinimumChartSize: 4
  m_AutoUVMaxDistance: 0.5
  m_AutoUVMaxAngle: 89
  m_LightmapParameters: {fileID: 0}
  m_SortingLayerID: 0
  m_SortingLayer: 0
  m_SortingOrder: 0
  m_Sprite: {fileID: 21300000, guid: 67d88cecb7b94684a8cc873d7c399084, type: 3}
  m_Color: {r: 1, g: 1, b: 1, a: 1}
  m_FlipX: 0
  m_FlipY: 0
  m_DrawMode: 0
  m_Size: {x: 1, y: 2}
  m_AdaptiveModeThreshold: 0.5
  m_SpriteTileMode: 0
  m_WasSpriteAssigned: 1
  m_MaskInteraction: 0
  m_SpriteSortPoint: 0
--- !u!50 &9106103622331570321
Rigidbody2D:
  serializedVersion: 4
  m_ObjectHideFlags: 0
  m_CorrespondingSourceObject: {fileID: 0}
  m_PrefabInstance: {fileID: 0}
  m_PrefabAsset: {fileID: 0}
  m_GameObject: {fileID: 5806271891393920567}
  m_BodyType: 0
  m_Simulated: 1
  m_UseFullKinematicContacts: 0
  m_UseAutoMass: 0
  m_Mass: 1
  m_LinearDrag: 0
  m_AngularDrag: 0.05
  m_GravityScale: 1
  m_Material: {fileID: 0}
  m_Interpolate: 0
  m_SleepingMode: 1
  m_CollisionDetection: 0
  m_Constraints: 4
--- !u!114 &1032943033619218263
MonoBehaviour:
  m_ObjectHideFlags: 0
  m_CorrespondingSourceObject: {fileID: 0}
  m_PrefabInstance: {fileID: 0}
  m_PrefabAsset: {fileID: 0}
  m_GameObject: {fileID: 5806271891393920567}
  m_Enabled: 1
  m_EditorHideFlags: 0
  m_Script: {fileID: 11500000, guid: 01f84ebce5cf8984c86250a0412f83dc, type: 3}
  m_Name: 
  m_EditorClassIdentifier: 
  jumpForce: 7
  bolsa_fuerza: 2
  animator: {fileID: 5806271891393920562}
  scrPinturas:
  - {fileID: 11400000, guid: 0110f3365e331f449996a110b4f9b847, type: 2}
  - {fileID: 11400000, guid: b152418745d038147958930393729734, type: 2}
  - {fileID: 11400000, guid: 45c1c016dfdfcee40bf62703e58fb986, type: 2}
  scrProta: {fileID: 11400000, guid: ec3c0ae732f24c34da8adb11c7ab750a, type: 2}
  bolsaCooldown: {fileID: 11400000, guid: f26451cc9d4bcc74e923023e7233116d, type: 2}
  rodaCooldown: {fileID: 11400000, guid: 59658197cc769774a81369c9a37c194d, type: 2}
  grabCooldown: {fileID: 11400000, guid: 26e715a49b11a5c429ee3051e7bb2e78, type: 2}
  paintWeaponCooldown: {fileID: 11400000, guid: 5bd1ebfd557241a46ad2f130313f334f, type: 2}
  GlowPlayer: {fileID: 2100000, guid: 917fa25b2edc4e64dbe308d6d97bd5a3, type: 2}
  hitboxPlayer: {fileID: 7329701638246773589}
  groundLayer:
    serializedVersion: 2
    m_Bits: 1024
  fuenteVida:
    serializedVersion: 2
    m_Bits: 4096
  fuentePintura:
    serializedVersion: 2
    m_Bits: 8192
  fuenteSave:
    serializedVersion: 2
    m_Bits: 2097152
  loadGame: {fileID: 11400000, guid: 7ba95387920c27c48b0ff85d2bc380f2, type: 2}
  respawn: {fileID: 11400000, guid: c0b3c1075f8bd4c47927ae42f02de77c, type: 2}
  bolsa: {fileID: 542836055904404911, guid: d1e9e63ff331b3e40b5fb4891313d776, type: 3}
  redProjectile: {fileID: 2950369878990270110, guid: dee7ddd294c356b46bc8dc28445f3c9b, type: 3}
  yellowProjectile: {fileID: 289296126513379036, guid: 385f7f9af3ffb8b4da62a2994a498b9f, type: 3}
  eventCanviColHud: {fileID: 11400000, guid: a279b14840bb4b44db8a4173d56b2b17, type: 2}
  changeColorSword: {fileID: 11400000, guid: 6f223dd77a2a6b143a2bc9d11224c6bb, type: 2}
  eventActiveDeathCam: {fileID: 11400000, guid: 331409b904fb0b149823fd94e2fa52dc, type: 2}
  eventCDBolsa: {fileID: 11400000, guid: 114d8de79488dfb47bb2572c25d12b75, type: 2}
  eventModifyHP: {fileID: 11400000, guid: fa0d1f04565b4c542a469522980610a4, type: 2}
  eventModifyPaint: {fileID: 11400000, guid: 390df9f929cb25f45ac87312ac673067, type: 2}
  eventGuanyarEXP: {fileID: 11400000, guid: 9ffae3f4a87973346b188934e347ff0b, type: 2}
  audio_source: {fileID: 8350617658727879985}
  sonidos:
  - {fileID: 8300000, guid: 3ef1ec77b2434f347a7898a9de442174, type: 3}
  - {fileID: 8300000, guid: c5f7208d31fbe304e884f5de2530151a, type: 3}
  - {fileID: 8300000, guid: d8df858c0da783b4eac9ef6a02d94032, type: 3}
  - {fileID: 8300000, guid: f8362069b3e9d8141a60d7ba7ddddb10, type: 3}
  - {fileID: 8300000, guid: b15a054241c47184e82499f052b30df0, type: 3}
  - {fileID: 8300000, guid: d40d9ef343b36da4d9d29147b6608481, type: 3}
  - {fileID: 8300000, guid: 8209390af6080454c97ed46225bb5ab4, type: 3}
  - {fileID: 8300000, guid: 317e8627f33496545b18e5dbe4d005a7, type: 3}
  - {fileID: 8300000, guid: 2d43aefb9e287f54faa6c1efcbd14143, type: 3}
  - {fileID: 8300000, guid: 29360bea9cdee384e8cb8eb9044f0b8d, type: 3}
  boxCollider2d: {fileID: 5806271891393920565}
  statePlayer: 1
--- !u!114 &5578715700869358015
MonoBehaviour:
  m_ObjectHideFlags: 0
  m_CorrespondingSourceObject: {fileID: 0}
  m_PrefabInstance: {fileID: 0}
  m_PrefabAsset: {fileID: 0}
  m_GameObject: {fileID: 5806271891393920567}
  m_Enabled: 1
  m_EditorHideFlags: 0
  m_Script: {fileID: 11500000, guid: 1a0d7d9baba385c4aa259721212e015c, type: 3}
  m_Name: 
  m_EditorClassIdentifier: 
  scriptPrincipal: {fileID: 1032943033619218263}
--- !u!114 &3562151498543217894
MonoBehaviour:
  m_ObjectHideFlags: 0
  m_CorrespondingSourceObject: {fileID: 0}
  m_PrefabInstance: {fileID: 0}
  m_PrefabAsset: {fileID: 0}
  m_GameObject: {fileID: 5806271891393920567}
  m_Enabled: 1
  m_EditorHideFlags: 0
  m_Script: {fileID: 11500000, guid: 1ebe2bd038689d04096b366d4cd89c6a, type: 3}
  m_Name: 
  m_EditorClassIdentifier: 
  Event: {fileID: 11400000, guid: 8909200a1f833444d922c7740e653717, type: 2}
  Response:
    m_PersistentCalls:
      m_Calls:
      - m_Target: {fileID: 5578715700869358015}
        m_TargetAssemblyTypeName: PlayerActivateController, Assembly-CSharp
        m_MethodName: ActivateDesactivateScriptPlayer
        m_Mode: 1
        m_Arguments:
          m_ObjectArgument: {fileID: 0}
          m_ObjectArgumentAssemblyTypeName: UnityEngine.Object, UnityEngine
          m_IntArgument: 0
          m_FloatArgument: 0
          m_StringArgument: 
          m_BoolArgument: 0
        m_CallState: 2
--- !u!61 &5806271891393920565
BoxCollider2D:
  m_ObjectHideFlags: 0
  m_CorrespondingSourceObject: {fileID: 0}
  m_PrefabInstance: {fileID: 0}
  m_PrefabAsset: {fileID: 0}
  m_GameObject: {fileID: 5806271891393920567}
  m_Enabled: 1
  m_Density: 1
  m_Material: {fileID: 0}
  m_IsTrigger: 0
  m_UsedByEffector: 0
  m_UsedByComposite: 0
  m_Offset: {x: -0.04877448, y: 0}
  m_SpriteTilingProperty:
    border: {x: 0, y: 0, z: 0, w: 0}
    pivot: {x: 0.5, y: 0.5}
    oldSize: {x: 1.25, y: 1.5}
    newSize: {x: 1, y: 2}
    adaptiveTilingThreshold: 0.5
    drawMode: 0
    adaptiveTiling: 0
  m_AutoTiling: 0
  serializedVersion: 2
  m_Size: {x: 1.152451, y: 1.5}
  m_EdgeRadius: 0
--- !u!95 &5806271891393920562
Animator:
  serializedVersion: 4
  m_ObjectHideFlags: 0
  m_CorrespondingSourceObject: {fileID: 0}
  m_PrefabInstance: {fileID: 0}
  m_PrefabAsset: {fileID: 0}
  m_GameObject: {fileID: 5806271891393920567}
  m_Enabled: 1
  m_Avatar: {fileID: 0}
  m_Controller: {fileID: 9100000, guid: 1cc412ed2bfe17042bc48d3f19f6d7a5, type: 2}
  m_CullingMode: 0
  m_UpdateMode: 0
  m_ApplyRootMotion: 1
  m_LinearVelocityBlending: 0
  m_StabilizeFeet: 0
  m_WarningMessage: 
  m_HasTransformHierarchy: 1
  m_AllowConstantClipSamplingOptimization: 1
  m_KeepAnimatorControllerStateOnDisable: 0
--- !u!82 &8350617658727879985
AudioSource:
  m_ObjectHideFlags: 0
  m_CorrespondingSourceObject: {fileID: 0}
  m_PrefabInstance: {fileID: 0}
  m_PrefabAsset: {fileID: 0}
  m_GameObject: {fileID: 5806271891393920567}
  m_Enabled: 1
  serializedVersion: 4
  OutputAudioMixerGroup: {fileID: 24300002, guid: 95455f520376fa440a999e742d9c1120, type: 2}
  m_audioClip: {fileID: 0}
  m_PlayOnAwake: 1
  m_Volume: 1
  m_Pitch: 1
  Loop: 0
  Mute: 0
  Spatialize: 0
  SpatializePostEffects: 0
  Priority: 128
  DopplerLevel: 1
  MinDistance: 1
  MaxDistance: 500
  Pan2D: 0
  rolloffMode: 0
  BypassEffects: 0
  BypassListenerEffects: 0
  BypassReverbZones: 0
  rolloffCustomCurve:
    serializedVersion: 2
    m_Curve:
    - serializedVersion: 3
      time: 0
      value: 1
      inSlope: 0
      outSlope: 0
      tangentMode: 0
      weightedMode: 0
      inWeight: 0.33333334
      outWeight: 0.33333334
    - serializedVersion: 3
      time: 1
      value: 0
      inSlope: 0
      outSlope: 0
      tangentMode: 0
      weightedMode: 0
      inWeight: 0.33333334
      outWeight: 0.33333334
    m_PreInfinity: 2
    m_PostInfinity: 2
    m_RotationOrder: 4
  panLevelCustomCurve:
    serializedVersion: 2
    m_Curve:
    - serializedVersion: 3
      time: 0
      value: 0
      inSlope: 0
      outSlope: 0
      tangentMode: 0
      weightedMode: 0
      inWeight: 0.33333334
      outWeight: 0.33333334
    m_PreInfinity: 2
    m_PostInfinity: 2
    m_RotationOrder: 4
  spreadCustomCurve:
    serializedVersion: 2
    m_Curve:
    - serializedVersion: 3
      time: 0
      value: 0
      inSlope: 0
      outSlope: 0
      tangentMode: 0
      weightedMode: 0
      inWeight: 0.33333334
      outWeight: 0.33333334
    m_PreInfinity: 2
    m_PostInfinity: 2
    m_RotationOrder: 4
  reverbZoneMixCustomCurve:
    serializedVersion: 2
    m_Curve:
    - serializedVersion: 3
      time: 0
      value: 1
      inSlope: 0
      outSlope: 0
      tangentMode: 0
      weightedMode: 0
      inWeight: 0.33333334
      outWeight: 0.33333334
    m_PreInfinity: 2
    m_PostInfinity: 2
    m_RotationOrder: 4
--- !u!1 &7329701638246773589
GameObject:
  m_ObjectHideFlags: 0
  m_CorrespondingSourceObject: {fileID: 0}
  m_PrefabInstance: {fileID: 0}
  m_PrefabAsset: {fileID: 0}
  serializedVersion: 6
  m_Component:
  - component: {fileID: 1858860539005407435}
  - component: {fileID: 7287481224894894935}
  m_Layer: 15
  m_Name: Hitbox
  m_TagString: PlayerHitbox
  m_Icon: {fileID: 0}
  m_NavMeshLayer: 0
  m_StaticEditorFlags: 0
  m_IsActive: 0
--- !u!4 &1858860539005407435
Transform:
  m_ObjectHideFlags: 0
  m_CorrespondingSourceObject: {fileID: 0}
  m_PrefabInstance: {fileID: 0}
  m_PrefabAsset: {fileID: 0}
  m_GameObject: {fileID: 7329701638246773589}
  m_LocalRotation: {x: 0, y: 0, z: 0, w: 1}
  m_LocalPosition: {x: 0, y: 0, z: 0}
  m_LocalScale: {x: 1, y: 1, z: 1}
  m_ConstrainProportionsScale: 0
  m_Children: []
  m_Father: {fileID: 5806271891393920561}
  m_RootOrder: 0
  m_LocalEulerAnglesHint: {x: 0, y: 0, z: 0}
--- !u!61 &7287481224894894935
BoxCollider2D:
  m_ObjectHideFlags: 0
  m_CorrespondingSourceObject: {fileID: 0}
  m_PrefabInstance: {fileID: 0}
  m_PrefabAsset: {fileID: 0}
  m_GameObject: {fileID: 7329701638246773589}
  m_Enabled: 1
  m_Density: 1
  m_Material: {fileID: 0}
  m_IsTrigger: 1
  m_UsedByEffector: 0
  m_UsedByComposite: 0
  m_Offset: {x: 1.1315967, y: 0.09459317}
  m_SpriteTilingProperty:
    border: {x: 0, y: 0, z: 0, w: 0}
    pivot: {x: 0, y: 0}
    oldSize: {x: 0, y: 0}
    newSize: {x: 0, y: 0}
    adaptiveTilingThreshold: 0
    drawMode: 0
    adaptiveTiling: 0
  m_AutoTiling: 0
  serializedVersion: 2
  m_Size: {x: 0.91102433, y: 1.6294115}
  m_EdgeRadius: 0
